4404 5902
525 617 698 726 XLIII.
762 616 1682 731 PLEVRONECTAE.

928 897 1278 920 Μ

398 1093 723 1195 Pleuronectes,
753 1089 998 1203 praesertim
1027 1092 1241 1192 boreales,
1286 1089 1397 1176 mibi
1424 1118 1510 1176 non
1539 1120 1696 1177 omnes
1713 1089 1955 1181 innotuisse

262 1243 409 1342 fateor,
438 1266 482 1327 et
512 1245 595 1327 hoc
624 1270 754 1355 genus
782 1265 946 1326 nostrae
961 1249 1127 1326 Faunae
1155 1241 1340 1326 libenter
1367 1245 1646 1359 supplendum
1668 1243 1949 1359 relinquens,

260 1396 412 1509 quibus
441 1424 555 1479 mare
584 1395 726 1516 album
755 1416 798 1477 et
826 1395 1113 1510 Lupponicum
1142 1392 1259 1477 adire
1287 1394 1431 1478 datum
1460 1394 1554 1480 fuit.
1606 1395 1779 1479 Paludis
1808 1404 1950 1485 Maeo-

260 1547 364 1631 tidis
392 1546 505 1631 sinus
534 1546 752 1650 nonnulli,
791 1570 966 1662 propter
996 1547 1210 1664 copiosam
1227 1542 1533 1632 ‘Rhomborurn
1560 1569 1805 1660 capturam,
1839 1550 1945 1662 apud

261 1702 443 1782 Graecos
470 1699 574 1783 olim
602 1668 791 1784 celebres
819 1719 862 1784 et
891 1698 1193 1784 Rhombitides
1227 1699 1484 1813 appellatos,
1528 1729 1640 1801 nunc
1673 1700 1819 1813 potius
1847 1700 1943 1788 Aci·

258 1879 482 1966 penserum
511 1848 721 1965 piscatura
748 1851 1037 1948 nobilitantur,
1065 1849 1271 1964 neglectis
1301 1846 1523 1935 Rhombia.
1559 1850 1700 1936 Etiam
1730 1880 1786 1937 ex
1816 1856 1944 1939 Ocea·

149 2044 152 2049 ¹
258 2032 317 2088 no
346 2002 545 2086 orientali
573 2003 714 2116 plures
742 2002 848 2087 olim
877 2003 1165 2089 Pleuronectis
1193 2000 1356 2118 species
1380 2001 1676 2103 innotescent;
1717 2001 1831 2088 rnihi
1857 2027 1940 2089 tau·

260 2176 350 2237 tum
380 2155 685 2268 quatuorinde
713 2157 1004 2256 obvenerunt,
1034 2177 1079 2239 et
1107 2160 1216 2243 Stel
1225 2163 1375 2242 Ierus
1403 2154 1532 2242 modo
1559 2153 1730 2241 unicam
1759 2155 1941 2271 speciem

261 2308 328 2414 (P.
359 2313 586 2419 stellatum)
614 2308 660 2393 in
688 2305 936 2392 adversariis
963 2309 1198 2423 descripsit.
1305 2278 1308 2284 ¹

261 2577 378 2669 285.
415 2571 1008 2668 PLEURONECTES
1044 2578 1263 2666 stellabat.
1300 2603 1401 2666 cum
1433 2573 1613 2687 adiano
1639 2573 1929 2669 luertione

397 2766 445 2848 P.
473 2760 609 2847 oculis
634 2759 830 2860 sinistris,
857 2788 1032 2875 corpore
1061 2761 1181 2846 callis
1208 2758 1338 2846 osseis
1365 2759 1570 2846 muricato
1596 2761 1778 2848 stellatis
1804 2788 1926 2880 sparso

257 2911 576 3028 marginatoque
604 2912 766 3028 (pinnis
792 2914 987 2998 omnibus
1014 2911 1112 2996 albo
1140 2913 1345 3027 nigroque
1374 2909 1560 2997 alternis.
1616 2914 1786 3028 Tiles.).

478 3065 772 3151 Pleuronectes
811 3065 1024 3168 stellatus,
1078 3068 1184 3155 Pau.
1223 3068 1329 3154 Nou.
1372 3068 1469 3151 Act.
1511 3066 1673 3180 Petrop.
1701 3069 1739 3152 1.
1780 3101 1820 3182 p.
1846 3076 1918 3176 347.

522 3218 618 3339 tab.
648 3253 687 3326 9.
704 3225 789 3332 fig.
827 3253 860 3302 ι.
1439 3306 1442 3311 .

475 3377 620 3456 Passer
633 3370 796 3457 Oceani
814 3370 1030 3455 orientalis
1052 3371 1120 3454 vel
1135 3369 1366 3457 Rhombus
1377 3369 1536 3468 scaber,
1563 3368 1726 3455 stellari
1752 3384 1909 3480 muscrpt

475 3524 773 3608 Pleuronecte's
802 3524 948 3607 striato
976 3521 1172 3635 pinnatus
1225 3525 1561 3608 Tilesr'r‘Memoir.
1589 3523 1812 3608 del’Acud.
1832 3525 1904 3628 Imp
1962 3565 1966 3575 ·

532 3676 605 3759 des
630 3706 687 3760 sc.
718 3675 768 3759 de
796 3677 856 3757 St.
885 3675 1060 3760 Petersb.
1094 3677 1210 3759 Tom.
1239 3677 1316 3758 III.
1345 3708 1385 3788 p.
1417 3687 1674 3777 nto-261.
1708 3670 1871 3762 Tuas

366 3822 564 3923 Ilossice,
593 3848 640 3909 ut
667 3855 921 3939 congeneres
951 3827 1135 3911 minores
1163 3857 1336 3930 omnes,
1368 3827 1586 3911 Cdmbulb.

365 3974 702 4062 Carntscbadalis
729 3982 933 4063 Schuschb
947 4016 961 4073 ,·
989 3979 1322 4063 occidentalibus
1349 3982 1564 4091 Siigr'isiclr.

366 4127 564 4212 Coraecis
591 4132 721 4214 Aura.
779 4129 934 4215 Curilis
966 4133 1142 4213 Tantilul
1171 4132 1239 4214 vel
1271 4133 1436 4217 Tuitalr.

365 4277 552 4362 Lamutis
580 4283 784 4367 Meltscbi.
841 4281 1142 4397 Japonensibus
1170 4287 1314 4369 Kunli.

364 4429 532 4512 Aleutis
565 4433 742 4550 Ugajult.

393 4582 562 4665 Circum
593 4582 958 4690 Camtschatcnm,
999 4586 1237 4702 insulasque
1265 4588 1490 4674 Americue
1520 4589 1684 4678 vicinas
1711 4614 1753 4678 et
1778 4575 1893 4674 casile

256 4756 345 4815 roto
374 4763 481 4839 anno
512 4737 564 4816 ad
600 4737 705 4818 ostia
743 4738 965 4821 fluviorum
1005 4762 1047 4823 et
1083 4740 1127 4823 in
1169 4742 1339 4824 sinubus
1381 4765 1505 4857 atque
1549 4748 1776 4830 recessibus
1809 4719 1892 4820 m³¹l⁵

252 4883 616 4998 tranquillioribus
644 4890 838 5003 frequens
867 4914 930 4974 est
960 4889 1067 4976 haec
1097 4894 1280 5009 species,
1324 4897 1576 5010 praesertim
1613 4899 1780 5014 copiosa
1804 4886 1890 4990 blz¹j⁰=
