4404 5902
376 337 434 408 η
1150 349 1297 402 ..·.-.=

370 550 513 634 subtus
551 546 802 633 fulvescunt.
872 547 1023 633 Fascia
1063 545 1177 634 fusca
1219 543 1416 663 utrinque
1445 577 1469 631 a
1498 545 1690 653 naribus,
1730 580 1807 667 per
1832 553 1977 639 oculos
2005 555 2063 638 ad

366 719 582 815 tympana.
626 705 777 783 Latera
806 698 1046 784 abdominis
1074 697 1203 784 fascia
1229 704 1399 784 cinerea
1428 700 1497 783 vel
1526 701 1795 808 flavescente,
1826 707 2064 810 sablobata,

366 848 551 936 virorem
579 835 777 967 utrinque
803 850 1079 954 terminante,
1137 879 1245 964 quae
1278 880 1357 965 per
1382 853 1544 938 femora
1572 876 1617 939 et
1643 855 1771 941 tibias
1799 855 2066 957 continuata,

366 1000 466 1086 albo
494 1007 552 1087 sul
562 1027 789 1119 punctura,
833 1004 887 1087 sd
918 1032 1043 1087 anum
1073 1000 1228 1087 ambit.
1298 1004 1429 1088 Irides
1458 1005 1661 1090 aureolae.
1736 1009 1900 1093 Palmae
1927 1011 2067 1114 fissae,

364 1156 696 1270 tetradactylae,
739 1153 886 1267 digitis
913 1155 1101 1240 externis
1130 1153 1412 1268 longioribus,
1442 1184 1564 1270 supra
1592 1156 1820 1262 viridibus,
1850 1158 2069 1244 interiori-

364 1308 442 1392 bus
469 1305 695 1393 introrsum
724 1305 966 1391 divaricatis
995 1307 1127 1390 flavis.
1187 1308 1361 1391 Plantae
1388 1308 1688 1421 subpalmatae,
1718 1312 2065 1425 pentadactylae,

368 1457 515 1574 digitis
542 1462 694 1545 itidem
741 1459 902 1543 duobus
938 1456 1221 1542 exterioribus
1257 1455 1624 1570 longitudinaliter
1657 1461 1882 1565 viridibus,
1924 1462 2066 1548 tribus

362 1610 635 1697 interioribus
663 1608 1027 1715 decrescentibus,
1079 1609 1209 1694 flavis.
1283 1611 1420 1724 Digiti
1448 1639 1594 1695 omnes
1623 1612 1746 1729 apice
1774 1612 1968 1700 orbiculo
1997 1646 2067 1700 su·

362 1764 498 1849 ctorio
526 1762 757 1851 terminati.

852 1933 897 2013 5.
971 1922 1195 2012 RANA
1277 1928 1565 2037 cunngica.
1641 1929 1649 1938 ’

428 2064 432 2075 ’
498 2074 551 2155 R.
582 2070 901 2168 subverrucosa,
959 2084 1081 2180 supra
1110 2065 1345 2165 virescens,
1399 2064 1514 2151 linea
1543 2069 1701 2155 dorsali
1729 2068 1851 2174 alba,
1910 2075 2066 2160 subtus

385 2221 529 2306 allide.

352 2249 383 2340 P
493 2381 541 2458 In
582 2367 732 2455 insulis
767 2368 978 2456 Aleuticis
1018 2369 1129 2455 inter
1170 2365 1510 2459 Camtschatcam
1537 2394 1581 2456 et
1608 2342 1869 2479 Americam,
1932 2399 1980 2462 et
2010 2374 2063 2464 in

351 2522 477 2639 hujus
506 2518 776 2609 Continentis
802 2543 922 2637 parte
952 2553 976 2606 a
1006 2521 1148 2608 Rossis
1177 2542 1383 2637 occupato
1412 2523 1665 2627 observavit,
1693 2547 1738 2610 et
1767 2527 1956 2613 breviter
1986 2530 2057 2616 sic

350 2676 576 2792 descripsit
604 2711 646 2792 p.
672 2708 728 2761 m.
759 2676 813 2759 D.
844 2677 974 2760 Meris.

493 2830 664 2919 Descr.
722 2827 886 2940 „Supra
913 2856 1064 2942 corpus
1092 2826 1325 2930 virescens,
1369 2833 1477 2913 linea
1505 2826 1600 2911 alba
1629 2857 1653 2910 a
1680 2825 1821 2943 capite
1848 2860 1927 2946 per
1955 2834 2059 2920 dor·

346 3015 484 3098 „sum
554 2984 880 3080 Subverrucosa,
937 2978 1123 3063 verrucis
1164 2976 1559 3093 ochreo-pallidis,
1613 2976 1660 3064 in
1697 2962 1861 3092 juniore
1908 3008 2060 3074 aetate

346 3134 716 3250 „mbesceutibum
743 3129 900 3218 halone
927 3130 1092 3216 fuscido
1121 3127 1286 3217 cinctis
1345 3129 1496 3214 Subtus
1522 3129 1696 3245 pallida,
1724 3133 2054 3228 subverrucosa.

839 3402 908 3523 ¹6.
982 3401 1201 3492 aaut
1281 3407 1529 3488 cruenta.

486 3601 540 3681 R.
570 3624 691 3708 supra
720 3593 854 3694 fusca,
884 3592 1028 3674 saurus
1056 3591 1227 3674 cinerea
1254 3582 1394 3669 lituris
1422 3580 1574 3699 sparsis
1601 3580 1750 3682 rubris,
1778 3584 1910 3673 fascia
1941 3590 2057 3682 late-

342 3743 444 3837 ralis
473 3745 626 3861 capitis
654 3743 788 3858 nigra.

483 3906 532 3983 Iu
559 3897 707 3984 Rossia
737 3894 897 3997 media,
949 3892 1062 3979 circa
1088 3894 1203 3977 lacus
1231 3913 1275 3976 et
1303 3885 1581 4001 scaturigines
1609 3887 1768 4001 passim
1797 3887 2056 3986 observatur

339 4053 492 4157 rarius,
525 4048 667 4135 media
696 4046 769 4132 die
798 4075 853 4131 ex
883 4076 991 4160 aqua
1017 4043 1217 4163 prodiens
1244 4065 1288 4125 et
1314 4039 1428 4125 inter
1455 4037 1605 4122 herbas
1631 4018 1842 4124 oberrans.

476 4208 650 4289 Descr.
710 4202 862 4283 Formo
889 4203 943 4281 R.
984 4195 1285 4313 temporariae,
1329 4197 1446 4301 cujus
1488 4212 1533 4274 et
1572 4192 1832 4300 magnitudo.
1903 4198 2054 4314 Supra

333 4350 693 4473 fusconigrescit3
723 4352 867 4436 subtus
898 4349 1092 4445 cinerea,
1120 4343 1258 4431 lituris
1285 4339 1438 4457 sparsis
1464 4336 1611 4441 rubris,
1641 4351 1888 4456 punctisque
1903 4353 2053 4441 rubris

331 4515 448 4601 circa
489 4511 647 4594 clunes.
719 4507 870 4588 Fascia
918 4495 1071 4613 capitis
1140 4491 1326 4578 lateralis
1375 4488 1494 4603 nigra
1538 4512 1652 4574 trans
1703 4492 1852 4577 oculos
1893 4499 2050 4592 ducta.

331 4672 404 4755 An
433 4662 489 4748 sit
516 4665 569 4746 R.
600 4658 820 4747 bombiana
859 4650 1078 4736 varietas?
1132 4640 1258 4756 hujus
1298 4668 1400 4726 vero
1440 4669 1587 4727 sonum
1628 4669 1846 4753 nunquam
1883 4644 1933 4731 in
1975 4653 2052 4742 his

328 4811 575 4936 regionibus
601 4803 824 4898 exaudivi·
