4404 5902
1198 290 1238 305 ’“”
1798 334 1857 421 37

306 540 520 652 Frequens
549 531 669 623 circa·
688 564 802 622 mare
831 532 1045 652 caspium,
1091 533 1185 651 ipso
1212 530 1317 619 mari
1344 532 1537 623 innatans
1566 559 1612 626 et
1637 538 1684 625 in
1714 536 1855 625 fluviis

162 718 220 777 eo
247 687 590 793 decurrentibus,
632 687 875 775 australiore
904 686 989 771 situ
1016 685 1232 811 copiosus,
1290 687 1421 774 etiam
1447 690 1492 774 in
1521 693 1645 776 salsas
1673 692 1853 808 paludes

160 866 211 929 et
238 845 432 928 ruderata
462 842 537 926 sed
563 841 772 928 rarissime
801 839 964 947 exiens,
988 841 1065 924 sed
1094 841 1147 924 ad
1170 868 1295 951 squas
1316 865 1510 957 prompte
1540 845 1786 961 confugiens
1813 866 1857 928 et

162 992 420 1109 serpentinis
448 994 626 1078 flexibus
654 1019 798 1079 natans
827 1016 975 1109 atque,
1004 991 1040 1077 si
1068 1021 1184 1075 remo
1224 993 1448 1108 pulsatum.
1474 993 1674 1081 ferociter
1700 996 1850 1113 jacula·
1920 1056 1923 1063 -

161 1147 346 1232 bundus.
405 1146 694 1232 conferendus
723 1176 820 1232 cum
848 1147 1010 1231 Pudere
1036 1151 1272 1230 Linnaes'.

305 1302 478 1386 Descr.
536 1303 673 1415 Caput
711 1329 912 1414 parvum,
975 1328 1055 1383 nec
1093 1301 1343 1399 busentum,
1410 1300 1663 1416 oblongum,
1723 1326 1856 1390 rostro

161 1452 398 1555 tetrobdro,
442 1453 696 1550 rotundato,
734 1481 855 1566 supra
883 1449 1139 1551 olivaoeum,
1184 1448 1267 1531 oris
1298 1454 1596 1566 marginalibus
1624 1455 1769 1542 loricis
1797 1457 1855 1540 ol·

163 1604 256 1708 bis,
300 1606 417 1690 fusco
446 1603 655 1688 saturatis.
726 1604 849 1687 Oculi
885 1599 1026 1716 parvi,
1083 1600 1242 1686 circulo
1271 1604 1396 1707 llavo,
1464 1608 1657 1693 Polotum
1683 1607 1855 1723 pectine

162 1755 339 1872 gemino
379 1754 573 1841 dentium
613 1753 886 1840 aciculan'um
926 1753 1239 1838 reclinatorum.
1298 1759 1460 1868 Lingua
1488 1756 1754 1870 longissima,
1792 1759 1852 1845 ni·

164 1941 255 2026 gra.
311 1911 473 2024 Corpus
500 1905 645 1992 medio
673 1906 862 2011 crassius,
914 1935 1058 1990 versus
1081 1926 1207 2019 caput
1236 1929 1281 1991 et
1308 1910 1484 1992 caudam
1512 1908 1629 1995 lente
1659 1913 1856 1996 adtenua-

161 2088 277 2169 tum,
307 2085 434 2146 teres.
489 2062 695 2175 Squomoe
721 2091 844 2175 supra
871 2087 1050 2174 parvae,
1092 2057 1194 2141 stria
1222 2061 1463 2162 carinatas,
1498 2062 1618 2177 apice
1647 2064 1855 2146 subemar·

162 2216 359 2330 ginatae3
388 2216 441 2299 od
469 2235 585 2300 scuta
612 2211 742 2298 series
768 2217 973 2325 majorum
1002 2237 1107 2322 quae
1138 2207 1457 2312 rhomboideae,
1485 2216 1671 2299 obtusae.
1728 2217 1856 2299 Scuto

163 2364 454 2454 abdominalia
487 2377 564 2450 188
590 2366 644 2449 ad
677 2375 764 2473 193·
793 2385 958 2478 praeter
987 2365 1231 2477 operculum
1261 2365 1331 2449 ani
1363 2364 1634 2480 bipartitum
1672 2370 1882 2451 Subcauv

164 2519 326 2606 daliuru
367 2550 630 2635 squamarum
672 2532 739 2603 66.
780 2518 834 2599 ad
874 2529 940 2626 73.
983 2515 1114 2629 paris.
1181 2519 1305 2629 Aper
1333 2520 1490 2602 caudae
1519 2549 1737 2603 mucrones
1764 2520 1849 2603 duo

164 2669 356 2771 minimi,
411 2645 533 2755 alter¹
550 2699 672 2786 supra
699 2670 887 2753 alterum.
916 2717 972 2733 —
1001 2671 1160 2786 Corpus
1188 2670 1331 2752 subtus
1358 2667 1561 2785 politum,
1605 2703 1727 2787 supra
1754 2701 1852 2787 ops·

163 2854 276 2911 cunt
333 2826 457 2909 Color
482 2822 596 2907 dorsi
623 2818 1072 2922 olivaceo·cinereus;
1102 2819 1250 2906 cervix
1265 2825 1407 2931 fascio
1435 2823 1631 2940 utrinque
1660 2827 1713 2911 ad
1742 2823 1855 2910 occi·

163 3000 244 3094 put
282 2975 330 3060 in
358 2975 569 3089 angulum
612 2977 866 3075 confluente,
923 2971 992 3057 cui
1032 2973 1280 3086 interjectae
1325 3009 1368 3058 o.
1403 2980 1592 3063 maculae
1631 2981 1852 3095 oblongae,

162 3126 435 3244 nigricantem
494 3126 724 3242 Reliquum
753 3156 902 3240 corpus
931 3133 1105 3211 maculis
1134 3125 1259 3208 fuscis
1285 3124 1543 3226 orbiculatis,
1572 3161 1648 3243 per
1676 3153 1858 3242 quatuor

167 3279 296 3368 series
324 3282 483 3364 alterne
514 3280 589 3364 uel
610 3279 657 3363 in
685 3276 943 3392 quincunces
972 3275 1208 3391 dispositis,
1239 3307 1416 3392 quarum
1442 3279 1607 3365 mediae
1635 3279 1850 3364 interdum
1886 3360 1891 3369 .

166 3437 526 3537 subconfluentes,
585 3431 713 3517 scutis
741 3428 958 3544 adpositae
985 3427 1202 3540 nigriores.
1259 3432 1385 3514 Scuto
1413 3431 1698 3517 abdominalis
1728 3430 1853 3519 dimi·

165 3587 285 3673 diate
313 3589 565 3671 flavescente
582 3584 727 3687 -albo,
769 3582 972 3696 nigroque
1001 3579 1138 3667 livido
1166 3582 1402 3697 variegata,
1447 3584 1509 3669 ita
1536 3608 1582 3671 ut
1614 3615 1755 3670 versus
1782 3615 1853 3700 gu·

163 3739 252 3824 lam
282 3737 415 3852 nigri,
467 3769 638 3854 parum,
687 3765 803 3850 pone
828 3733 1012 3820 mediam
1038 3734 1351 3848 longitudinem
1378 3737 1532 3822 sensim
1559 3739 1653 3853 plus
1682 3737 1755 3843 sit,
1810 3764 1855 3826 et

166 3892 304 3977 cauda
330 3893 504 3977 tandem
532 3892 619 3975 fere
648 3911 737 3973 tota
763 3886 885 4001 nigro
910 3910 1120 4002 appareat.
1179 3870 1414 4000 Longitudo
1442 3893 1569 4005 uulgo
1598 3902 1646 3975 α’.
1677 3891 1771 3976 uad
1786 3895 1851 4004 7⁰.

162 4044 319 4161 capitis
354 4044 459 4139 115⁰.
496 4045 653 4130 caudae
683 4044 744 4130 δ”.
773 4070 847 4126 seu
874 4039 1021 4154 quinta
1046 4038 1216 4125 circiter
1242 4072 1336 4156 pars
1362 4041 1644 4156 longitudinis
