4404 5902
901 324 1048 370 a
1199 282 1201 291 Α
1736 298 1822 402 aar

125 519 253 639 plane
281 514 504 603 destitutos
533 512 767 632 reliquerit
800 515 1000 631 ‘Frigido
1036 515 1083 602 in
1133 517 1347 607 elemento
1391 494 1576 636 frigente
1626 518 1712 638 ipsi
1739 549 1828 607 san·

127 672 256 787 guine
283 668 420 786 pisces
443 690 578 753 ‘coeco
614 691 753 754 oestro
786 667 942 785 perciti
976 668 1130 753 mutuis
1170 670 1337 782 gaudiis
1373 673 1456 756 frui
1493 672 1581 757 fere
1616 672 1825 759 nesciunt.

127 830 276 911 Ruunt
301 817 544 924 turmatim,
586 822 657 906 vel
697 850 775 937 per
808 820 927 936 paria
955 822 1201 907 secedentes
1229 844 1273 909 et
1302 846 1479 940 uterque
1506 853 1629 910 sexus
1658 852 1834 910 omnem

127 971 302 1061 venerei
330 970 491 1058 ardoris
520 970 765 1079 materiam,
806 1004 892 1058 non
928 995 1072 1058 tamen
1116 973 1207 1058 sine
1244 1006 1342 1060 cura
1370 997 1415 1060 et
1441 975 1603 1061 selectu
1629 972 1742 1079 loci,
1781 974 1830 1061 in

129 1157 259 1243 aquas
286 1124 465 1211 fortuito
504 1125 769 1210 effundam(
798 1132 890 1208 Ova
928 1145 1092 1212 matura
1134 1149 1369 1212 excernant
1410 1127 1649 1233 foeminae,
1692 1156 1831 1212 marea

130 1279 268 1364 effuso
295 1300 505 1393 spermate
533 1273 758 1389 inquinant
787 1306 914 1391 aquas
946 1297 991 1360 et
1017 1276 1141 1361 undis
1170 1309 1319 1363 munus
1348 1281 1668 1365 foecundandae
1695 1276 1828 1396 prolis

129 1429 388 1545 relinquunt.
447 1427 553 1542 Quis
581 1457 667 1511 non
694 1432 841 1514 credat
867 1429 969 1514 inde
998 1428 1235 1514 necessario
1266 1431 1414 1546 sequi,
1442 1453 1491 1516 ut
1524 1430 1687 1546 species
1714 1460 1829 1517 com·

47 1628 54 1634 Α·
129 1580 388 1667 misceantur
412 1602 457 1665 et
484 1576 669 1694 hybrida
698 1580 912 1678 oriantur,
955 1578 1203 1694 praesertim
1239 1581 1286 1666 in
1314 1581 1544 1670 fluentibus
1567 1579 1716 1698 aquis,
1754 1577 1832 1666 ubi

127 1739 269 1823 undae
296 1755 416 1820 motu
450 1730 573 1819 unius
610 1730 770 1848 speciei
812 1736 979 1848 spe‘rnta
1019 1729 1066 1815 in
1108 1733 1236 1816 ovnla
1277 1733 1474 1838 alterius,
1520 1734 1558 1820 si
1588 1764 1674 1819 non
1703 1734 1834 1848 longo

51 1901 59 1921 '
130 1887 297 1992 absint,
323 1881 539 1972 transferri
566 1907 721 1998 potest.
778 1884 828 1968 Id
857 1905 1000 1967 tamen
1028 1880 1075 1967 in
1105 1886 1350 1970 Salm0num
1377 1908 1422 1972 et
1450 1885 1733 2002 Cyprinorum
1761 1913 1832 2000 ge·

127 2041 326 2146 neribus,
371 2035 609 2153 specierum
650 2060 695 2122 et
734 2033 1055 2122 individuorum
1092 2065 1269 2122 nurnero
1303 2037 1669 2152 praevalentibus,
1711 2038 1836 2125 nullo

129 2195 249 2309 qnod
276 2189 407 2275 sciam
436 2189 638 2303 exemplo
663 2191 885 2304 probatum
918 2208 995 2276 est.
1054 2194 1150 2276 Nee
1192 2187 1435 2275 similitudo
1470 2188 1701 2276 multorum
1739 2173 1833 2306 spe·

127 2343 292 2431 cierum
318 2341 550 2458 quidquam
580 2339 914 2458 suspicari·sinit
925 2401 939 2440 ,
981 2372 1078 2426 cum
1115 2369 1291 2456 quaevis
1327 2339 1494 2452 species
1528 2370 1602 2426 sua
1638 2362 1832 2455 tempora

136 2519 300 2601 serrat,
342 2518 455 2581 caste
483 2525 600 2581 suant
629 2496 808 2579 formam
835 2518 1067 2612 propaget,
1102 2516 1146 2579 et
1175 2495 1229 2580 ab
1260 2490 1484 2599 affinibus,
1513 2491 1740 2578 momentis
1767 2492 1833 2577 in·

130 2648 374 2749 concussis,
416 2668 511 2732 utut
537 2644 715 2763 parum,
752 2644 937 2771 differat.
995 2653 1152 2733 Forsan
1178 2643 1310 2760 igitur
1335 2635 1499 2731 Natura
1526 2667 1673 2732 eontra
1699 2643 1833 2731 talem

130 2799 413 2917 hybridorum
450 2823 587 2887 ortum
618 2830 672 2886 eo
698 2801 945 2917 prospexit,
979 2822 1028 2884 ut
1055 2830 1220 2916 sperma
1248 2795 1373 2888 uni-us
1399 2795 1562 2959 speqiei
1585 2795 1634 2887 in
1661 2794 1836 2892 alterius

129 2953 293 3072 speciei
320 2954 446 3039 ovuls
474 2975 694 3039 actuosum
721 2982 811 3038 esse
838 2949 1074 3071 prohibuit.

278 3104 506 3192 Numerosi
533 3106 701 3236 weris
730 3105 974 3191 Salm0num
1003 3102 1268 3204 subdivisio,
1308 3103 1356 3189 in
1387 3105 1582 3210 tractas,
1623 3108 1830 3207 Osmeros,

134 3284 182 3348 et
208 3263 487 3359 cherasinos,
512 3240 732 3376 ill'g'enioss
761 3278 805 3340 et
830 3255 1321 3343 omninoconservanda
1348 3278 1437 3361 est,
1467 3256 1572 3343 licet
1598 3285 1680 3369 pro
1704 3285 1831 3372 gene·

10 3436 17 3453 '
130 3414 222 3502 rica
249 3410 523 3498 distinctione
539 3408 813 3498 characteres
840 3439 926 3495 non
954 3407 1164 3495 sufficiant
1190 3429 1234 3492 et
1258 3407 1304 3492 in
1333 3406 1583 3522 quibusdam
1609 3407 1835 3523 speciebus

133 3565 381 3680 ambignum
409 3564 497 3648 fere
525 3564 605 3668 sit,
639 3565 693 3650 ad
720 3592 945 3679 quamnam
971 3559 1425 3650 illarumlamiliarnm
1452 3559 1699 3646 referendae
1727 3551 1835 3647 sinti·

133 3714 488 3808 Evidentissimus
531 3739 672 3800 autem
718 3711 938 3800 character
974 3724 1123 3827 pinnae
1157 3716 1204 3797 in
1238 3734 1429 3799 extremo
1465 3712 1592 3797 dorso
1618 3714 1833 3830 adiposae,
1967 3823 1969 3826 Α

129 3870 212 3990 qui
251 3889 419 3989 praeter
457 3867 622 3985 aliquot
647 3865 805 3956 Siluras
844 3865 966 3954 nullo
1007 3865 1095 3954 alio
1136 3861 1284 3985 generi
1322 3861 1529 3983 contigit,
1571 3892 1702 3984 geum
1729 3861 1830 3957 saris

130 4028 320 4116 coercet.

943 4212 977 4259 fr

677 4300 1286 4342 Μ

1274 4576 1287 4639 l
