4404 5902
911 247 1073 315 ²²²⁵«
1746 244 1836 331 237

122 466 173 531 nt
196 443 244 531 in
255 441 395 534 Cottis
415 467 459 532 et
471 443 627 571 Persis.
707 447 896 534 flabello
916 448 1227 560 branchiostega
1245 448 1426 552 detecta,
1453 445 1827 563 quinqueradiata.

120 602 282 711 Corpus
322 598 584 716 alepidotum
629 629 934 715 compressum,
984 632 1008 682 a
1047 622 1190 684 sterno
1231 599 1624 715 prominentissimo
1666 599 1825 689 sensim

120 752 393 834 adtenuatum
423 749 520 833 alvo
548 773 848 854 ventncosum,
877 754 1004 837 dorso
1032 773 1161 847 rect0‚
1190 753 1318 866 plano
1349 751 1523 837 verticis
1551 753 1822 852 continuat03
1887 762 1894 777 ‘

119 909 231 992 lineo
257 909 441 988 lateralis
467 901 727 1007 tenuissima,
755 906 879 989 dorso
908 902 1103 1003 vicinior,
1129 901 1378 988 rectissima.
1425 907 1549 989 Color
1564 900 1826 988 flavescenti·

120 1078 362 1170 argenteus„
392 1077 627 1168 punctatus,
656 1086 779 1171 supra
807 1056 967 1140 lineam
994 1056 1214 1140 lateralem
1242 1056 1652 1172 gryseoflutescens
1680 1053 1823 1140 fuscis·

119 1239 204 1325 que
231 1206 368 1291 lituris
396 1206 666 1292 transversim
696 1206 944 1321 variegatus.
1001 1211 1120 1292 Anus
1147 1210 1223 1290 sub
1258 1206 1401 1292 medio
1431 1207 1688 1310 abdomine,
1733 1206 1823 1323 pol·

117 1359 244 1447 licari
271 1360 410 1473 apin.
444 1358 709 1442 ventralibus
743 1358 957 1443 distantia.
1014 1359 1167 1443 Pinnae
1196 1357 1677 1473 lutescente·hyalinae,
1710 1387 1824 1473 prae·

116 1535 186 1597 ter
213 1509 456 1613 caudalem,
489 1507 756 1625 simplicibus
784 1508 943 1611 radiis;
983 1515 1208 1624 pectorales
1237 1502 1439 1622 maguae,
1486 1540 1629 1596 arcum
1659 1528 1825 1596 o‘sseum

116 1662 411 1750 branchialem
439 1665 655 1748 robustum
686 1688 730 1747 et
758 1664 933 1777 planum
960 1693 1089 1774 usque
1120 1662 1174 1744 ad
1205 1657 1409 1744 isthmum
1434 1661 1557 1776 gulae
1574 1685 1822 1749 coronantes

119 1818 229 1926 (lere
258 1838 305 1899 ut
332 1814 378 1899 in
396 1815 570 1926 cottis),
602 1816 866 1917 alaeformes,
896 1816 1107 1900 radiorum
1131 1826 1195 1899 23.
1227 1841 1403 1926 quorum
1431 1815 1636 1927 jugulares
1665 1812 1822 1897 sensim

114 1967 346 2055 breviores.
414 1968 461 2050 P.
500 1976 702 2054 vennoles
743 1970 819 2051 sub
860 1966 953 2082 ipso
995 1968 1158 2080 jugulo,
1217 1994 1331 2079 pone
1372 1965 1557 2051 anticum
1591 1963 1820 2049 terminum

114 2118 418 2236 pastoralium,
463 2119 805 2235 approximatae,
845 2117 1130 2220 sextadiatae,
1173 2116 1356 2205 albidae.
1424 2123 1471 2205 P.
1501 2120 1678 2205 dorsalis
1707 2126 1818 2228 prior

113 2270 257 2357 radiis·
274 2270 608 2385 spinescentibus
648 2287 708 2357 ιδ.
738 2270 867 2385 striga
896 2269 1119 2384 marginali
1146 2291 1190 2353 et
1219 2272 1272 2353 ad
1299 2270 1419 2383 basin
1447 2274 1588 2372 lusca3
1637 2270 1817 2357 secundo

115 2422 248 2507 radiis
273 2422 447 2507 setaceis
486 2461 543 2532 ¹9·
574 2422 702 2536 striga
742 2444 907 2506 tantum
944 2424 1083 2509 unica.
1124 2413 1201 2506 ⁴P.
1241 2433 1311 2508 αηὶ
1346 2427 1461 2524 alba,
1503 2422 1716 2508 radiorum
1745 2434 1815 2507 38.

117 2575 289 2659 caudae
318 2572 453 2688 pinna
480 2575 632 2661 leviter
661 2575 841 2676 bifurca,
872 2576 1126 2677 luscescens,
1158 2575 1289 2660 radiis
1315 2576 1455 2663 bifidis
1489 2595 1551 2682 14.
1578 2596 1813 2691 praeterea·

116 2754 201 2841 que
242 2724 288 2808 in
328 2747 446 2841 parte
487 2758 659 2812 carnosa
703 2727 970 2814 adminiculis
1011 2728 1209 2815 brevibus
1252 2728 1525 2844 aliquousque
1566 2725 1815 2842 marginata.

114 2878 334 2963 Vertebrae
360 2891 428 2981 48.
485 2882 719 2996 Longitudo
747 2917 771 2987 9
801 2883 905 2996 poll.
935 2880 1087 2996 capitis
1120 2883 1178 2964 a''.
1216 2876 1277 2965 rm.
1308 2879 1508 2966 distantia
1538 2885 1590 2967 ab
1617 2909 1689 2965 ore
1717 2879 1809 2995 pin.

113 3027 393 3146 pectoralium
421 3032 477 3116 α’.
508 3033 574 3135 4”.
605 3032 861 3117 ventralium
890 3040 946 3119 2⁰.
976 3042 1046 3143 7“‘.
1075 3031 1258 3117 latitudo
1286 3031 1476 3147 corporis
1506 3032 1720 3121 verticalis
1756 3033 1811 3116 ad

114 3204 301 3266 sternum
331 3192 387 3265 a''.
420 3187 489 3267 2‘''.
519 3185 592 3270 lat.
619 3185 736 3300 pinn.
767 3186 1045 3300 pastoralium
1081 3185 1136 3267 r‘'.
1163 3187 1233 3267 3¹⁰.
1262 3216 1305 3298 p.
1335 3182 1450 3269 dorsi
1478 3182 1628 3298 prioris
1656 3186 1710 3267 r'‘.
1735 3183 1808 3290 9'‘'.

115 3336 325 3420 secundae
355 3337 412 3419 2⁰.
441 3367 484 3450 p.
514 3333 586 3419 ani
622 3341 681 3421 α’.
713 3338 782 3423 om.
842 3343 892 3421 In
917 3334 1149 3452 junioribus
1177 3333 1334 3450 pinnae
1365 3336 1453 3418 lere
1482 3334 1716 3419 excolores.

205 3624 322 3706 172.
376 3599 879 3694 TRAClIINUS
935 3605 1240 3694 cirrhosus.
1290 3604 1423 3695 TAB.
1463 3605 1517 3695 L.
1546 3601 1627 3721 fig.
1669 3634 1721 3707 2.

250 3793 301 3873 T.
331 3787 462 3904 pinna
489 3790 603 3875 dorsi
631 3790 772 3905 priore
800 3788 1025 3907 bipartita,
1052 3787 1203 3875 cirrhis
1230 3790 1355 3876 rostri
1381 3788 1590 3909 septenis,
1629 3819 1808 3908 corpore

115 3971 277 4059 aspero.

332 4094 534 4195 Blennius
557 4093 746 4196 villosus,
772 4096 946 4182 maxilla
967 4127 1041 4181 sex
1060 4095 1210 4182 cirrlr'rs
1230 4101 1397 4196 donata,
1424 4100 1579 4183 Steller.
1603 4097 1688 4185 obs.
1711 4103 1801 4185 Mt.

249 4249 321 4330 Ad
348 4249 640 4333 continentem
670 4250 892 4355 Americae
929 4249 1153 4366 aliquoties
1189 4250 1235 4332 in
1275 4253 1381 4334 mari
1425 4273 1594 4365 captum
1623 4250 1799 4366 piscem,

106 4399 330 4513 eleganter
356 4398 637 4504 exsiccatum,
666 4432 762 4486 cum
789 4401 913 4486 icone
942 4433 965 4486 e
993 4401 1155 4486 recenti
1183 4425 1325 4517 panta
1355 4402 1472 4486 misit
1497 4405 1553 4486 D.
1579 4405 1634 4486 D.
1663 4407 1711 4485 Μ
1719 4411 1802 4494 erla

107 4551 312 4640 Occurrit
339 4557 467 4638 etiam
498 4553 543 4636 in
570 4552 663 4636 sinu
692 4576 736 4637 et
763 4577 888 4669 portu
910 4552 1165 4661 Avatschae,
1207 4558 1456 4645 Stellarus
1482 4554 1531 4642 in
1559 4553 1664 4642 mati
1691 4563 1800 4643 Pen-

108 4701 306 4792 slrinensi
333 4708 389 4794 ad
416 4709 530 4795 Utka
555 4708 598 4815 fl.
628 4707 784 4794 ostium
809 4704 1064 4795 observavit.
