4404 5902
867 285 1018 342 Ε
1704 283 1797 382 2³5

509 481 710 594 XXXlI.
775 483 825 592 T
857 488 898 592 R
932 489 977 592 A
1013 486 1058 593 C
1092 482 1144 594 H
1177 487 1199 595 l
1229 486 1358 604 Nl.

791 685 1108 707 m

223 786 464 877 Trachinus
501 793 644 876 Draco
682 788 887 878 hactenus
927 794 1013 878 fere
1055 793 1166 879 solus
1218 796 1294 879 sub
1335 789 1421 881 hoc
1461 802 1634 883 nomine
1675 798 1788 917 apud

85 940 398 1060 Ichthyologos
426 941 666 1046 militabat;
702 945 889 1061 speciem
917 951 1116 1059 majorem
1148 945 1390 1033 distinctam
1419 947 1542 1035 addit
1567 951 1788 1037 Pennan·

82 1119 176 1188 tus
198 1105 277 1210 (*),
333 1098 536 1182 accedant
564 1104 648 1211 jam
677 1096 752 1184 hic
782 1127 805 1182 e
834 1095 986 1183 nostris
1015 1097 1219 1203 maribus,
1277 1129 1354 1216 pro
1384 1101 1590 1212 firmando
1615 1130 1785 1216 genere,

83 1253 200 1338 duae
227 1280 361 1335 novae
390 1249 570 1365 species,
627 1281 802 1366 quarum
841 1281 924 1333 una
959 1279 1044 1334 non
1079 1281 1227 1365 parum
1252 1275 1429 1355 ornata,
1486 1254 1561 1338 sed
1591 1254 1785 1342 anomala

85 1402 204 1491 inter
244 1402 425 1517 reliquas
459 1407 638 1506 emicat,
694 1402 919 1517 pinnarum
959 1394 1189 1487 dorsalium
1229 1403 1534 1493 constitutione
1575 1405 1783 1497 coracinis

84 1553 270 1675 similis,
299 1556 472 1642 Oceano
499 1554 697 1642 orientali
725 1555 911 1670 propria.

465 1738 579 1823 170.
619 1713 1141 1813 ,ΤΒΑΟΗΙΝΗὸ
1204 1716 1409 1813 Draco.

221 1863 279 1944 T.
306 1858 438 1976 pinna
466 1859 580 1944 dorsi
608 1860 747 1975 priore
774 1858 930 1972 exigua
959 1861 1196 1944 sexradiata
1224 1860 1403 1976 spinosa.

307 2017 449 2098 Draco
478 2011 660 2097 marinus
686 2032 730 2095 et
755 2014 966 2116 Araneus,
995 2014 1102 2096 Ptin.
1132 2017 1221 2098 hist.
1251 2036 1333 2097 nat.
1363 2015 1435 2101 lib.
1454 2049 1494 2124 9.
1521 2045 1559 2105 c.
1576 2049 1641 2130 27.
1657 2028 1778 2126 0148.

307 2171 447 2250 Draco
476 2187 710 2266 auctorum,
753 2163 975 2279 Willuglrb.
1004 2167 1122 2248 ichlla
1153 2199 1194 2283 p.
1226 2179 1318 2253 auo.
1348 2167 1435 2253 tab.
1460 2170 1573 2257 Sao.
1591 2174 1750 2287 sagn.

305 2316 541 2405 Trachinus
569 2322 732 2416 Draco,
760 2317 849 2400 Lin.
878 2338 981 2429 syst.
1010 2321 1107 2401 ΧΠ.
1137 2320 1163 2401 l.
1195 2351 1236 2433 p.
1264 2330 1360 2424 435.

306 2477 511 2570 Weaver,
543 2472 665 2573 Pena.
694 2469 811 2556 Zool.
841 2472 945 2554 Bn't.
975 2475 1074 2581 (φο)
1102 2473 1178 2555 ΙΙΙ.
1207 2503 1249 2583 p.
1284 2488 1374 2578 149.
1402 2502 1442 2558 n.
1472 2506 1539 2585 7¹·
1563 2475 1651 2563 tab.
1679 2485 1749 2566 28.

222 2627 277 2708 ln
304 2629 438 2708 Ponto
467 2622 636 2710 Euxino
674 2621 788 2708 inter
822 2620 926 2706 alios
965 2621 1103 2738 pisces
1143 2622 1338 2710 littoreos
1378 2646 1535 2712 aestate
1571 2656 1657 2714 non
1685 2660 1777 2717 rara

70 2778 276 2899 capitur,
333 2774 580 2892 praesertim
626 2807 650 2859 a
692 2772 970 2891 piscatoribus
998 2774 1392 2889 Sevastopolitanis,
1449 2779 1506 2862 ob
1535 2781 1777 2869 aculeorum

76 2933 290 3022 nocivum
318 2956 526 3013 venenum
553 2925 819 3023 notissimus,
878 2924 1079 3011 atlantico
1104 2956 1181 3041 per
1208 2927 1352 3012 omnia
1379 2929 1546 3017 similis.
1615 2933 1790 3022 Mirum

73 3082 199 3172 hunc
227 3080 389 3199 piscem
416 3082 598 3167 Ascanio
627 3101 761 3179 teste,
799 3076 933 3162 Danis
959 3076 1005 3162 in
1043 3075 1213 3162 deliciis
1248 3107 1360 3183 esse,
1401 3083 1505 3169 dum
1532 3083 1579 3169 in
1605 3083 1770 3200 Belgio,

68 3235 217 3329 etiam
246 3265 269 3318 a
297 3236 447 3351 plebe,
477 3231 557 3316 vili
585 3230 778 3317 habetur.

139 3419 259 3502 271.
303 3390 803 3486 TRACHINUS
852 3388 1182 3481 Trlcbodon.
1229 3390 1362 3481 TAB.
1401 3387 1567 3509 ΑΜ.
1609 3421 1654 3487 1.
1677 3392 1738 3522 (⁴¹)

221 3544 276 3625 T.
304 3539 435 3655 pinna
463 3534 576 3624 dorsi
603 3533 743 3652 priore
769 3533 977 3619 tredecim
991 3585 1005 3599 ·
1021 3532 1201 3638 radiata,
1231 3535 1515 3650 pectoralibus
1542 3536 1768 3628 latissimis.

300 3687 576 3792 Trichodon,
606 3690 763 3773 Steller.
792 3688 877 3772 obs.
906 3690 1107 3800 ichthyol.
1134 3688 1225 3771 MS.

303 3844 481 3930 Tilenus
508 3837 705 3926 Memoir.
741 3840 796 3924 de
834 3839 1000 3926 l’Acad.
1027 3837 1131 3956 imp.
1159 3839 1202 3927 d.
1229 3868 1286 3924 sc.
1316 3838 1371 3925 de
1403 3841 1464 3928 St.
1493 3844 1770 3964 Petersbourg

356 4000 482 4079 Tom.
516 4000 592 4079 IV.
619 3994 728 4079 Tab.
757 3996 853 4076 XV.
880 3991 949 4105 fig.
978 4002 1005 4079 8
1034 4042 1084 4058 -
1119 4024 1180 4078 ro.
1212 3990 1439 4108 appendix.

59 4185 620 4223 W*

119 4274 189 4374 (ἢ
217 4272 330 4343 Great
353 4274 533 4358 Weaver,
559 4263 654 4339 Pena.
682 4263 776 4338 Zool.
802 4259 891 4335 Brit.
917 4262 1011 4364 (4³0)
1036 4259 1111 4338 Ill.
1136 4284 1172 4357 p.
1198 4281 1271 4364 151.
1296 4286 1328 4338 n.
1353 4276 1409 4359 7²·
1435 4264 1505 4336 tal.
1533 4284 1593 4366 29.
1654 4270 1769 4344 rinna

203 4394 308 4463 dorsi
332 4393 417 4484 huic
442 4393 569 4463 itidem
593 4408 733 4481 parva,
766 4388 898 4477 nigra,
934 4388 1265 4487 quinqueradiata,
1303 4393 1343 4456 et
1367 4391 1404 4453 in
1428 4389 1555 4460 multis
1580 4399 1768 4482 convenit,

201 4516 269 4597 aed
292 4513 487 4584 distinetur
513 4519 637 4582 tarum
663 4509 786 4603 quoad
809 4508 976 4579 formam.
1035 4513 1138 4578 Hunc
1164 4508 1310 4580 videtur
1333 4506 1536 4580 delineatae
1559 4508 1766 4588 Ascanius

202 4637 289 4709 icon.
307 4632 392 4722 fasc.
416 4631 450 4707 l.
479 4633 546 4704 rat.
570 4649 605 4732 7.

111 4782 204 4885 (⁸)
230 4780 318 4854 loco
344 4779 519 4877 ejusdem,
545 4758 641 4870 quae
665 4772 763 4846 male
788 4772 973 4848 delineata
998 4774 1080 4865 luit,
1106 4793 1226 4850 meam
1249 4775 1380 4872 adjeci.
1429 4778 1607 4850 ‘rma

1308 4901 1330 4947 0
