4404 5902
434 408 494 507 58
1211 412 1358 478 Β

649 624 796 725 Skate,
827 619 944 706 Peme
980 616 1100 707 Zool.
1129 621 1232 706 Brit.
1261 621 1358 729 (Ψ)
1385 618 1460 701 ΙΠ.
1490 650 1531 734 p.
1559 649 1627 728 72.
1655 648 1695 704 rr.
1726 627 1792 704 30.
1821 620 1906 706 tob.
1937 655 1977 729 9.

534 775 678 863 Rossis
707 779 760 860 ad
788 778 1007 862 Oceanum
1036 776 1188 862 orient.
1216 772 1426 896 Morslsoja
1440 771 1646 858 cambato
1673 766 1724 884 (i.
1754 798 1793 856 e.
1817 772 2120 865 Pleurouectes

590 929 841 1045 pelagicus).
1381 902 1387 909 .

534 1079 870 1168 Camtschadalis
899 1081 1152 1167 Chabsosclr.

533 1230 689 1319 Cutilis
721 1235 824 1318 Utro
841 1265 1035 1349 prspere.

557 1388 609 1466 ln
638 1384 957 1472 Camtschatrae
998 1409 1041 1472 et
1080 1385 1309 1470 insularum
1348 1379 1584 1472 Curilarum
1618 1379 1742 1467 littus
1770 1383 2013 1500 frequenter
2041 1389 2119 1475 flu·

419 1532 557 1622 ctibus
585 1537 843 1626 eliminatur.
908 1540 982 1625 Ad
1020 1537 1176 1624 insulas
1215 1536 1443 1624 Americae
1485 1533 1647 1620 vicinas
1689 1535 1930 1624 observavit
1964 1542 2023 1627 D.
2054 1543 2116 1628 D.

415 1688 572 1776 Merra

925 1925 1004 2026 57.
1079 1920 1219 2011 RAJ
1237 1918 1280 2009 A
1352 1888 1597 2010 clavata.

549 2152 603 2233 R.
632 2151 759 2235 dorso
783 2145 971 2263 spinoso,
1015 2146 1212 2233 dentibus
1239 2146 1515 2261 pupillaribus
1527 2206 1541 2246 ,
1578 2141 1710 2262 spinis
1737 2142 1896 2229 caudae
1931 2142 2114 2236 seriatis.

632 2307 737 2410 Raja
766 2303 951 2397 clavata,
995 2304 1086 2384 Lim
1115 2320 1220 2410 synt.
1250 2302 1344 2380 XII.
1376 2303 1410 2381 l.
1443 2332 1483 2413 p.
1514 2311 1607 2406 ³97·
1635 2329 1696 2410 sp.
1734 2310 1774 2383 8.

629 2457 734 2562 Raja
762 2450 911 2537 ordine
941 2452 1179 2536 aculeorum
1207 2449 1535 2564 unguiformium
1564 2447 1721 2535 unico?
1776 2445 1821 2532 in
1859 2450 1983 2535 dorso
2013 2479 2114 2537 can·

688 2604 845 2714 daque,
874 2607 1019 2689 Bloch.
1049 2613 1149 2718 pise.
1174 2633 1305 2714 germ.
1335 2606 1412 2687 Ill.
1444 2636 1485 2719 p.
1514 2616 1581 2689 65.
1610 2632 1649 2687 n.
1680 2615 1719 2688 5.
1749 2602 1834 2686 tob.
1864 2616 1932 2689 63.
1999 2602 2006 2621 ’

628 2750 905 2860 Thornbaok,
962 2758 1084 2840 Peon.
1124 2755 1241 2840 Zool.
1285 2758 1389 2839 Brit.
1432 2760 1531 2864 (4¹0)
1573 2756 1650 2838 Ill.
1680 2785 1724 2869 p.
1754 2765 1821 2840 62.
1848 2754 1934 2840 tob.
1969 2790 2033 2842 rr.
2066 2778 2110 2849 et

693 2942 753 2992 ro.
782 2941 822 2991 n.
854 2923 920 3018 37.
1050 2969 1053 2974 -

514 3058 658 3144 Rossis
686 3046 1133 3173 Archanchelopoliiis
1161 3062 1261 3144 Skdt
1290 3062 1362 3170 (ab
1392 3057 1578 3173 Anglico
1605 3062 1761 3172 Slrats).

546 3217 596 3296 In
625 3212 727 3297 mari
760 3214 858 3298 albo
887 3232 930 3296 et
959 3213 1088 3295 boreo
1117 3212 1311 3324 frequens
1342 3211 1507 3326 capitur
1533 3234 1577 3296 et
1605 3214 1656 3296 ab
1685 3207 2111 3328 Archanchelopol's

405 3357 461 3446 tis
490 3360 619 3446 etiarn
648 3363 692 3448 in
723 3362 908 3478 speciem
951 3361 1156 3446 Draconis
1197 3366 1417 3448 efformata
1463 3371 1529 3478 (nt
1570 3364 1617 3449 in
1646 3363 1796 3478 Belgio
1838 3364 1946 3450 solet
1987 3366 2113 3484 lieri)

403 3510 584 3600 siccatur
611 3537 655 3600 et
683 3515 927 3632 Petropolin
956 3544 1080 3629 saepe
1109 3517 1307 3603 adfertur.

634 3789 714 3876 58.
790 3785 930 3875 ΒΑ]
952 3785 990 3874 Α
1066 3789 1319 3904 pontico.
1379 3787 1511 3877 TAB.
1562 3785 1682 3875 VIII.
1720 3786 1778 3875 A.
1816 3785 1866 3875 B.

540 3975 594 4054 R.
625 3967 823 4056 dentibus
851 3968 1101 4081 granulatis,
1131 4001 1306 4086 corpore
1335 3970 1541 4058 rhombeo
1576 3970 1806 4089 asperiore,
1843 3968 1977 4058 clavis
2005 4006 2108 4064 acn-

399 4121 521 4207 leatis
549 4120 766 4238 plurimis,
804 4124 923 4207 serie.
941 4124 1096 4207 dorsnli
1123 4123 1270 4228 unica,
1320 4127 1477 4209 caudae
1506 4125 1680 4240 triplici.

588 4278 811 4362 ll'ennont.
841 4276 959 4360 Zool.
989 4279 1092 4360 Brit.
1124 4283 1229 4387 (δὺο)
1259 4279 1462 4362 additum.
1492 4278 1577 4362 tob.
1607 4310 1672 4385 27.
1704 4289 1769 4365 aa

536 4433 585 4510 In
614 4427 759 4512 littore
772 4428 952 4512 Taurios
976 4448 1131 4511 aestate
1160 4428 1328 4543 capitur
1354 4429 1519 4544 saepius
1546 4451 1589 4512 et
1617 4427 1729 4513 iuter
1756 4429 1929 4515 viliores
1955 4428 2106 4546 pisces

393 4574 588 4680 habetur,
617 4578 730 4664 inter
759 4584 810 4664 R.
841 4579 1047 4664 clavatam
1077 4601 1122 4663 er
1152 4577 1396 4666 miraletum
1426 4579 1621 4696 ambigua
1650 4603 1694 4664 et
1720 4615 1755 4708 a·
1770 4581 1910 4696 priore
1942 4583 2106 4675 distin·

394 4731 561 4844 guenda
589 4728 779 4837 ridetur,
815 4730 922 4821 licet
944 4731 1195 4848 persimilis,
1238 4731 1420 4850 ideoque
1448 4732 1775 4852 comparationis
1804 4734 1938 4852 gratia
1967 4735 2105 4830 icone

391 4876 466 4970 hic
492 4882 755 4974 illustranda.
