4404 5902
284 407 379 513 ³94
519 549 524 557 Ι
1051 424 1199 480 =

281 639 463 737 lacteus,
495 632 568 717 sed
596 629 728 715 latera
758 624 867 730 lata,
898 622 1027 709 etiam
1056 651 1176 738 supra
1207 618 1366 706 lineam
1393 617 1614 708 lateralem
1640 640 1866 736 argentata.
1901 620 1947 705 ln

283 785 524 899 descripto:
554 783 721 870 Pondus
749 780 844 865 libr.
876 785 1015 864 XXX.
1043 774 1265 889 longitudo
1291 796 1382 860 tota
1410 779 1460 862 δ’.
1489 783 1552 881 4“.
1582 779 1652 882 9“'.
1680 776 1952 888 caput7''.1'‘.

279 938 464 1024 laminae
500 959 740 1054 mystateae
773 935 832 1018 2⁰.
864 940 929 1017 am.
974 926 1172 1015 distantia
1210 925 1327 1013 oculi
1368 959 1394 1012 a
1432 924 1623 1042 margine
1655 923 1784 1012 rostri
1816 931 1868 1011 1⁰.
1894 926 1957 1033 7*-

279 1088 445 1176 narium
483 1093 538 1175 ab
580 1092 730 1174 eodem
770 1107 823 1173 et
853 1085 1036 1169 interae
1073 1087 1128 1169 1⁰.
1160 1132 1210 1147 -
1239 1079 1446 1166 diameter
1470 1081 1586 1167 oculi
1614 1081 1686 1189 9'·'.
1713 1100 1960 1163 transversus

279 1240 430 1358 capitis
459 1244 512 1328 ad
539 1243 683 1327 oculos
712 1243 769 1323 2⁸.
807 1240 895 1321 ro“.
929 1239 1118 1343 ejusdem
1146 1232 1331 1320 altitudo
1365 1236 1419 1320 ad
1445 1232 1634 1321 nucham
1658 1231 1720 1338 4”.
1751 1234 1825 1318 3’”.
1855 1256 1961 1314 aro·

277 1418 363 1482 stro
392 1397 447 1481 ad·
475 1393 565 1511 pin.
596 1392 829 1505 pectorales
859 1391 916 1497 7⁰.
946 1389 1015 1495 9‘''.
1053 1386 1157 1473 inde
1198 1388 1253 1472 ad
1294 1386 1506 1473 venantes
1539 1397 1618 1473 rr''.
1650 1392 1724 1474 6”’.
1764 1381 1870 1469 inde
1911 1382 1959 1469 ad

277 1581 320 1666 p.
362 1546 434 1632 ani
463 1557 523 1655 9''.
552 1549 624 1650 4⁰2
668 1542 794 1658 hujus
833 1541 1014 1625 latitudo
1041 1543 1103 1646 4”.
1146 1538 1248 1625 inde
1290 1540 1344 1625 ad
1383 1541 1561 1626 caudam
1589 1544 1647 1628 δ”.
1677 1545 1751 1625 6”’.
1787 1532 1963 1621 laciniae

276 1702 435 1786 caudae
464 1719 643 1813 aequant
671 1702 729 1788 δ’.
760 1695 881 1809 adp.
912 1692 1024 1778 dorsi
1058 1696 1099 1777 1‘.
1131 1703 1187 1783 δ”.
1222 1693 1291 1782 dm.
1328 1691 1456 1807 hujus
1478 1691 1665 1780 latitudo
1688 1689 1750 1796 ζ’.
1785 1689 1889 1777 inde
1912 1687 1962 1775 ad

276 1885 319 1969 p.
349 1852 566 1969 adiposam
593 1855 649 1959 9⁸.
680 1851 750 1962 7'“.
781 1846 903 1958 hujus
932 1847 1112 1932 latitudo
1141 1852 1208 1956 9'''.
1245 1869 1289 1933 et
1317 1844 1498 1934 altitudo
1526 1844 1588 1932 n'‘.
1617 1849 1687 1930 2¹2
1747 1838 1962 1932 enadda·

275 2035 436 2091 summa
476 2001 669 2119 corporis
709 2023 806 2086 ante
847 2033 889 2114 p.
931 1997 1051 2082 dorsi.
1073 2007 1137 2103 4⁰.
1163 2007 1234 2106 4⁰⁴.
1281 1998 1463 2085 latitudo
1508 1994 1675 2084 ibidem
1698 1993 1761 2104 7⁰.
1791 2001 1866 2083 6”’.
1914 2000 1960 2079 ln

123 2160 128 2169 ’
268 2155 459 2243 sibiricis
491 2153 789 2275 proportiones
825 2149 1000 2237 omnino
1034 2153 1205 2236 easdem
1238 2150 1522 2267 deprehendi.
1576 2151 1798 2237 Vertebrue
1825 2163 1892 2239 66.
1914 2148 1961 2237 itt

277 2307 373 2393 a'liis
400 2322 469 2397 66.
525 2310 644 2397 Anas
683 2308 810 2392 valde
845 2302 1114 2419 prominens,
1152 2332 1250 2389 cum
1284 2304 1526 2420 pedunculo
1562 2327 1737 2391 exserta
1762 2299 1958 2389 orificim

276 2458 516 2550 oratiorum
543 2483 588 2548 et
614 2458 791 2546 lactium
817 2456 1077 2542 continente.
1134 2457 1423 2544 Pentonaeum.
1450 2455 1564 2544 intus
1599 2456 1762 2542 album.
1819 2456 1955 2543 Vasta

274 2621 438 2700 anemio
476 2612 686 2732 simplex,
725 2639 803 2727 per
842 2631 979 2694 totum
1019 2609 1189 2694 dorsum
1230 2600 1436 2716 extensa,
1477 2632 1707 2725 argenteo-
1721 2609 1822 2694 alba
1833 2667 1852 2709 ,
1885 2632 1955 2725 pm

275 2759 573 2884 ichthyocolla
598 2762 733 2851 utilia.
780 2764 943 2849 Ductus
971 2769 1153 2847 anemius
1178 2759 1433 2877 tripollicari
1460 2761 1664 2848 distantia
1688 2793 1716 2847 a
1742 2756 1952 2877 diaphrag-

271 2922 408 3015 mate,
437 2913 629 3006 crassitie
653 2913 807 3005 calami
835 2912 1041 3013 anserini,
1069 2884 1315 3029 oesophago
1340 2945 1366 2999 a
1391 2916 1519 3003 dorsa
1546 2914 1743 3001 insertus
1801 2912 1949 3001 om

273 3070 358 3154 duo
387 3066 671 3184 amplissima,
699 3098 724 3152 a
753 3063 1073 3182 diaphragmate
1101 3069 1155 3150 ad
1183 3098 1308 3152 anum
1335 3087 1532 3169 extensa,
1567 3064 1618 3153 in
1642 3064 1792 3154 medio
1819 3084 1952 3153 team

268 3223 378 3306 ultra
422 3220 621 3331 7uncias
659 3220 774 3324 lata,
829 3227 917 3304 avis
956 3220 1108 3302 referta
1151 3215 1661 3336 flavescente-hyalinis,
1715 3214 1953 3305 minuetur

268 3375 364 3486 (vix
392 3402 410 3481 a
438 3375 580 3460 lineae
609 3373 865 3484 diametro),
905 3391 952 3453 ut
985 3370 1032 3455 in
1062 3371 1297 3484 Coregonis
1332 3371 1463 3486 vulgo
1496 3373 1652 3458 solent.
1707 3374 1951 3458 Venucula

275 3557 431 3611 crassus
445 3589 460 3627 ,
502 3529 557 3612 ad
587 3525 860 3612 reflexionem
893 3537 938 3609 15
968 3522 1112 3607 uncias
1142 3524 1316 3636 longus,
1348 3524 1462 3609 intus
1489 3524 1619 3639 plicia
1642 3518 1949 3635 longitndinnli·

267 3679 345 3762 bus
374 3680 776 3763 anastomosantibus
802 3674 1045 3761 reticulatus
1075 3698 1118 3759 et
1146 3677 1360 3787 glandulis
1384 3708 1558 3792 sparsus,
1587 3678 1815 3765 continens
1837 3678 1950 3763 inter·

269 3830 369 3914 dum
398 3831 624 3946 pisciculos
653 3831 849 3916 minutos.
907 3831 978 3912 Ad
1006 3829 1202 3943 pylorurn
1228 3832 1471 3940 appendices
1498 3833 1757 3944 permultae,
1813 3825 1953 3948 pingui

268 3984 500 4069 absolutae
528 4008 571 4068 et
596 3981 802 4069 intestino
832 3982 1008 4064 adnatae
1021 4041 1036 4079 ,
1064 4009 1161 4064 cum
1189 3985 1339 4065 eodem
1369 3988 1448 4067 sub
1474 3984 1712 4069 uentriculo
1741 3987 1954 4071 reflectun-

263 4153 333 4217 tur
359 4134 505 4249 pedali
544 4137 634 4220 fere
677 4135 843 4252 spatio;
891 4132 993 4215 dein
1033 4132 1169 4216 solum
1211 4133 1480 4218 continuatur
1508 4147 1776 4235 intestinum,
1816 4160 1863 4223 et
1885 4134 1955 4220 sub

267 4282 505 4372 ventriculo
533 4285 687 4373 iterum
717 4288 897 4388 flexum,
937 4315 1078 4370 versus
1109 4317 1235 4371 anum
1263 4286 1396 4401 magis
1422 4286 1647 4372 dilatatum
1675 4312 1722 4374 et
1754 4290 1869 4406 rugis
1894 4288 1954 4373 in·

263 4454 330 4516 tus
357 4435 581 4551 spiralibus
609 4439 748 4555 pergit
776 4441 906 4523 totius
933 4436 1065 4553 piscia
1091 4439 1350 4552 longitudini
1380 4439 1571 4554 aequale.
1626 4442 1773 4551 Hepar
1804 4439 1952 4529 coloris

260 4587 419 4689 buxei,
447 4587 702 4696 indivisum,
734 4595 822 4677 fere
852 4587 1129 4691 lenticulare,
1171 4591 1512 4693 molliusculum;
1551 4593 1698 4705 Cystis
1726 4595 1861 4680 fellea
1886 4589 1953 4678 ali·

259 4761 363 4850 quot
388 4739 596 4855 pollicum
622 4743 921 4860 longitudine,
950 4764 1069 4827 extra
1097 4739 1256 4857 hepar,
1295 4743 1387 4827 solo
1413 4746 1543 4829 ductu
1570 4742 1778 4862 hepatico
1808 4745 1952 4833 adhue·

258 4917 374 4995 tens3
402 4891 529 4985 ductu
553 4898 800 4985 cheledoclto
830 4893 1004 5009 (calami
1031 4892 1237 5011 crassitie)
1263 4926 1347 4990 uua
1373 4924 1472 4991 eum
1496 4926 1618 4991 temo
1644 4927 1781 4991 ranae
1807 4923 1948 5020 portas
