4404 5902
276 312 372 405 230
1047 314 1200 380 Ε

416 513 764 639 „Magnimdine,
819 518 954 606 forma
994 540 1040 605 et
1079 516 1413 608 dimensionibus
1455 540 1605 609 exacte
1645 517 1799 609 similis
1841 523 1976 613 Cotto

279 678 476 789 „scabro‚
506 673 726 762 tuberibus
751 695 930 787 quatuor
957 671 1282 760 cornilormibus
1315 673 1363 759 in
1390 672 1535 760 medio
1562 674 1704 791 capite
1730 675 1878 763 Artad.
1905 708 1978 791 sp.

283 845 386 937 „dm
414 827 503 914 imo
530 825 698 911 interna
725 854 811 913 non
839 823 1107 941 discrepant,
1135 824 1220 912 nisi
1247 829 1361 942 quod
1389 848 1545 913 tetrum
1572 825 1664 911 dmi
1688 828 1865 913 odorem
1892 826 1978 945 spi·

278 1004 418 1089 „rant
475 984 674 1065 Intestina
702 975 861 1083 lurida,
890 999 986 1063 sunt
998 1012 1016 1077 ,-
1069 987 1217 1064 onorio
1242 979 1360 1084 alba,
1389 980 1506 1085 laxa,
1542 978 1678 1065 veluti
1705 979 1978 1095 grandinosa.

281 1131 454 1239 „Etiam
480 1164 504 1217 a
534 1127 741 1216 famelicis
769 1128 963 1234 canibus,
1019 1129 1203 1247 pessima
1242 1129 1368 1216 maris
1411 1153 1685 1218 excrementa
1712 1130 1978 1241 vorantibus,

282 1314 460 1392 „recens
488 1278 787 1369 contemnitur.
842 1284 1017 1396 Absque
1045 1279 1214 1397 prolixa
1243 1280 1527 1397 descriptione
1556 1285 1609 1369 ab
1637 1280 1856 1387 omnibns,
1899 1284 1978 1399 qui

282 1436 432 1545 „Cotti
461 1437 646 1552 speciem
674 1436 746 1519 vel
773 1464 903 1519 unam
928 1432 1140 1551 viderint,
1181 1430 1319 1550 primo
1347 1431 1506 1518 intuitu
1533 1433 1820 1549 cognoscitur,
1848 1432 1885 1521 si
1913 1464 1978 1521 se·

280 1610 488 1703 „quentes
513 1586 663 1671 saltem
691 1584 954 1672 differentias
978 1585 1167 1671 breviter
1194 1583 1424 1671 addidero:
1482 1588 1585 1671 Cute
1623 1583 1823 1689 flaccida,
1850 1586 1978 1674 molli

283 1736 511 1846 „vestitum
566 1735 721 1824 coloris
762 1735 953 1840 arenosi;
1007 1757 1146 1823 uenter
1187 1733 1353 1822 albidus
1390 1758 1473 1841 est,
1531 1736 1699 1823 dorsum
1733 1738 1978 1853 majusculis

283 1887 440 1997 „luscis
469 1886 576 1975 areis
605 1886 855 2001 variegatus.
913 1894 1031 1976 Cutis
1056 1885 1245 2003 undique
1275 1884 1446 1992 villosa,
1475 1885 1646 2001 linguae
1675 1888 1886 1975 vitulinae
1915 1892 1978 1975 in·

279 2063 404 2146 „stan
462 2046 513 2125 In
540 2049 650 2129 lineo
676 2046 840 2127 laterali
867 2038 963 2124 villi
991 2046 1188 2152 majores,
1225 2074 1240 2121 ι
1270 2036 1347 2122 lin.
1377 2036 1510 2151 longi,
1539 2045 1557 2130 ἔ
1584 2037 1661 2124 lin.
1689 2038 1738 2125 in
1764 2039 1978 2129 diametro

279 2192 452 2298 „crassi
520 2188 832 2277 Emandibula
858 2188 1058 2276 inferiore
1087 2191 1436 2307 opperrda'culaad
1465 2187 1543 2273 lin.
1569 2190 1743 2305 longae,
1797 2220 1978 2281 numero

279 2365 427 2451 „octo‚
455 2342 599 2460 aequis
627 2339 785 2458 spadiia
811 2374 837 2426 a
863 2372 908 2427 se
938 2341 1126 2428 invicem
1153 2362 1340 2426 remotae
1366 2340 1633 2455 dependent,
1660 2366 1887 2449 cutaceae,
1912 2343 1978 2431 bis

278 2518 431 2601 „terve
459 2493 732 2582 laciniatae.“
792 2499 910 2583 Haec
951 2496 981 2579 S
989 2501 1065 2582 tal
1072 2501 1236 2598 larus,
1293 2520 1374 2578 nec
1410 2493 1558 2609 plura5
1613 2526 1667 2581 an
1692 2519 1803 2584 esset
1832 2500 1978 2587 Cottas

274 2656 532 2765 grunniens?

511 2817 620 2906 103.
674 2804 1018 2903 COTTUS
1072 2809 1362 2931 Scorpius.
1407 2810 1539 2903 TAB.
1586 2810 1738 2905 XXII.

421 2954 472 3044 C.
500 2954 758 3070 alepidotus,
800 2953 942 3072 capite
968 2957 1278 3071 polyacantho‚
1320 2954 1496 3042 maxilla
1522 2958 1738 3073 superiore
1766 2953 1964 3075 longiore.

281 3103 424 3218 (callis
451 3106 684 3195 dorsalibus
711 3103 928 3191 muricatis
957 3105 1144 3222 sparsis).
1199 3106 1344 3193 Artad.
1372 3138 1435 3222 sp.
1467 3140 1506 3222 p.
1537 3120 1604 3195 86.
1632 3140 1728 3221 syn.
1758 3144 1801 3228 p.
1831 3146 1900 3223 77.

498 3262 736 3374 Scorpaena
779 3278 824 3341 et
863 3256 1065 3373 Scorpius
1091 3278 1334 3362 auctorum,
1397 3258 1619 3374 Wiltnghb.
1649 3263 1775 3347 tetta
1805 3292 1850 3375 p.
1885 3272 1948 3348 131

553 3430 594 3499 et
621 3409 795 3524 append.
839 3440 882 3523 p.
927 3423 993 3497 25.
1039 3411 1125 3495 tob.
1164 3410 1211 3491 X
1240 3422 1303 3497 15.
1354 3412 1448 3531 Roj.
1489 3420 1590 3529 pisa.
1632 3444 1674 3529 p.
1716 3424 1807 3520 145.
1836 3444 1878 3501 rr.
1911 3448 1937 3497 rs

556 3561 759 3646 Edward.
781 3568 923 3673 glensa.
951 3561 1039 3645 tub.
1069 3575 1163 3666 284.

498 3713 651 3803 cottus
677 3710 902 3826 Scorpius,
932 3714 1022 3795 Lin.
1053 3732 1157 3825 syst.
1184 3714 1282 3795 XII.
1308 3715 1344 3796 1.
1373 3746 1414 3831 p.
1443 3724 1539 3820 452.
1567 3744 1628 3832 tp.
1656 3728 1692 3805 5.

496 3859 817 3968 Fatherlasher,
858 3864 982 3948 Peon.
1009 3863 1130 3950 Zool.
1157 3867 1263 3951 Brit.
1290 3868 1390 3981 (Ψ)
1416 3871 1494 3952 ΠΙ.
1523 3899 1566 3984 p.
1602 3902 1688 3975 ¹9¹·
1718 3900 1760 3956 n.
1788 3888 1908 3979 99³

554 4034 623 4123 4ο.
651 4014 736 4100 tab.
768 4028 806 4102 ⁵.
828 4017 915 4128 fig·
945 4028 986 4103 5.

498 4166 649 4256 Cottus
677 4164 854 4251 maxilla
880 4165 1097 4283 superiore
1123 4166 1335 4284 longiore,
1376 4170 1506 4258 radiis
1531 4168 1758 4289 pinnarum
1782 4198 1889 4293 pects

552 4317 660 4402 lium
687 4315 882 4402 indivisis
911 4319 972 4433 (‘)
1009 4323 1154 4408 Bloch.
1189 4330 1291 4438 pise.
1313 4354 1446 4437 germ.
1475 4328 1531 4409 ll.
1559 4358 1599 4442 p.
1636 4338 1699 4413 ιθ.
1727 4327 1828 4413 aab..
1845 4340 1879 4434 3!

327 4551 387 4647 (⁸)
412 4552 530 4641 Quum
558 4550 597 4615 in
623 4550 743 4619 Cottia
769 4546 878 4617 facile
902 4546 1071 4616 omnibus
1093 4551 1303 4639 pbrnatunr,
1325 4558 1472 4641 praeter
1496 4551 1664 4639 caudam,
1691 4558 1856 4623 omniurn

403 4668 587 4761 simplices
624 4668 890 4756 observentur,
962 4666 1213 4740 characterem
1249 4672 1460 4760 specificam
1498 4673 1594 4744 male
1633 4694 1682 4743 ex
1720 4679 1767 4745 iis
1804 4676 1858 4746 des

405 4790 537 4885 liquat.
585 4790 657 4863 Sed
681 4810 756 4863 nou
781 4793 819 4866 ln
842 4787 900 4863 hle
923 4792 1022 4863 uitet
1045 4791 1139 4864 battus
1162 4785 1194 4862 Β
1201 4792 1215 4865 l
1220 4789 1377 4864 orbius.
1420 4785 1545 4867 Pallas.
