4404 5902
349 355 410 459 84
1126 354 1396 424 -’

345 569 569 661 illustrare.
610 617 668 640 ·-
707 563 798 656 Diu
837 590 882 657 et
921 567 1037 658 varia
1074 565 1327 658 hallucinati
1366 589 1462 659 aunt
1496 587 1683 657 auctores
1716 562 1831 656 circa
1860 563 2024 687 geneda

330 720 527 835 glutinis
555 723 755 809 naturalia
765 781 779 821 ,
807 725 950 840 'quod
979 724 1055 809 aub
1089 719 1412 839 Ichthyocollae
1441 721 1613 809 nomina
1642 720 1886 809 divenditur
1913 743 1960 806 et
1989 751 2024 806 at

346 871 675 984 conglutinanda
726 873 948 959 subtiliora
991 872 1170 988 lignaria
1207 903 1354 989 opera,
1410 876 1464 958 ad
1493 871 1759 958 clarificanda
1786 869 1885 956 vina
1900 885 1904 891 ’
1917 894 2024 986 atqu«

346 1021 599 1126 cerevisiae,
658 1045 702 1107 et
741 1040 819 1137 pro
854 1022 1049 1140 gelatinia
1090 1025 1328 1138 gulosorum
1369 1024 1496 1138 vulgo
1535 1021 1763 1107 adhibetur
1795 1042 1840 1107 et
1867 1052 1892 1106 a
1920 1023 2024 1108 null«

348 1170 530 1285 piscium
560 1201 714 1287 genere
743 1204 873 1287 aeque
918 1175 1152 1289 perfectum
1192 1172 1425 1279 obtinetur,
1485 1203 1609 1287 quam
1636 1201 1691 1257 ex
1717 1172 2024 1286 Acipenserino

347 1325 681 1409 Dioscorides
707 1332 792 1435 jam
835 1324 904 1434 (de
933 1343 1075 1408 mater.
1105 1323 1208 1409 med.
1238 1322 1312 1409 lib.
1343 1325 1421 1409 Ill.
1449 1354 1542 1439 cap.
1572 1331 1661 1436 86.)
1688 1350 1870 1436 eumque
1901 1345 2024 1407 secut

350 1470 689 1588 ichthyocollam
715 1472 915 1559 tradidit:
960 1503 1049 1558 ease
1078 1475 1223 1587 gluten
1249 1494 1280 1558 e¹
1301 1475 1453 1558 ventre
1477 1472 1605 1588 piscis
1635 1475 1849 1584 cujusdam
1875 1495 2024 1558 cetace

347 1646 569 1737 paratum
624 1645 833 1739 praestare
862 1625 1113 1725 candicans,
1155 1628 1268 1739 quod
1296 1621 1517 1709 celerrime
1545 1621 1767 1737 liquescit,
1818 1623 1926 1706 utile
1954 1646 2024 1709 em

348 1771 521 1886 plastrie
543 1773 696 1888 capitis
724 1795 767 1857 et
796 1773 1006 1889 leprarum
1033 1797 1078 1860 et
1105 1771 1371 1877 tetanothris,
1402 1800 1509 1887 quae
1533 1794 1674 1858 cutem
1701 1772 1829 1858 faciei
1857 1797 2024 1888 erugant

349 1944 392 2007 et
420 1895 669 2008 extendunt.
734 1922 832 2008 Alii
878 1926 1006 2009 etiarn
1041 1923 1295 2011 recentiores
1324 1923 1469 2037 gluten
1496 1921 1605 2008 illud
1634 1926 1943 2008 contenderunt
1972 1954 2024 2011 co

349 2093 465 2157 ctura
494 2102 518 2155 e
545 2096 666 2177 cute,
709 2071 852 2187 pinnis
881 2097 926 2159 et
953 2073 1200 2161 interraneis
1228 2072 1367 2189 parari
1395 2079 1470 2186 (*).
1534 2078 1627 2158 Nec
1656 2075 1710 2157 de
1740 2074 1882 2189 specie
1912 2074 2024 2190 pisci

349 2251 485 2335 equa
513 2244 684 2336 paratur
712 2221 787 2306 diu
815 2224 1018 2311 constitit.
1088 2232 1144 2308 Et
1182 2247 1325 2308 tamen
1365 2221 1618 2337 jampridem
1645 2226 1955 2330 Salvianus,
1998 2255 2024 2311 e

351 2400 406 2455 ex
434 2370 514 2456 illo
540 2373 867 2460 Neaera-Grau
896 2381 1025 2483 (mus.
1054 2408 1139 2488 reg.
1168 2406 1249 2460 soc.
1280 2408 1320 2490 p.
1354 2381 1471 2484 rom)
1499 2394 1614 2456 recte
1642 2348 2024 2488 ichthyocollamt

348 2519 489 2606 vesica
525 2525 697 2634 (aerea)
757 2524 901 2639 spinae
943 2529 1093 2610 adnata
1144 2523 1351 2608 Sturionia
1405 2520 1644 2637 praeparari
1685 2526 1942 2630 docuerant3
1994 2554 2024 2615 et

353 2674 572 2758 Tuvernier
608 2681 725 2784 (itin.
766 2675 840 2759 lib.
868 2678 945 2758 Ill.
975 2708 1068 2790 cop.
1096 2683 1163 2788 8.)
1204 2671 1396 2790 prodidit
1422 2679 1579 2756 Turcaa
1608 2699 1631 2752 e
1662 2672 1867 2772 Sturionie
1896 2678 2024 2766 vetica

351 2837 474 2909 aerea
502 2852 648 2941 parare
675 2824 843 2938 gluten,
875 2828 928 2909 ad
955 2824 1224 2939 glutinandos
1249 2853 1367 2908 arcus
1395 2821 1573 2905 bellicos
1595 2821 1893 2926 firmissimum,
1922 2833 2024 2944 quod

348 2976 524 3060 crudum
550 3002 575 3057 e
603 2971 721 3089 piace
749 2973 948 3059 convolvi
976 2996 1020 3058 et
1047 2974 1197 3060 siccari
1238 2971 1378 3074 addit,
1434 2992 1479 3054 et
1504 3001 1583 3084 pro
1609 3003 1686 3055 usu
1714 2976 1869 3061 malleo
1895 2978 2024 3085 tundi

349 3122 738 3237 comminutumque
781 3154 886 3238 aqua
926 3123 1231 3240 aliquantisper
1279 3120 1507 3223 macerari,
1562 3121 1663 3206 dein
1702 3123 1906 3238 agitando
1930 3128 2024 3214 len

345 3272 479 3388 igne,
523 3272 629 3360 citra
656 3273 975 3373 ebullitionem,
1031 3275 1156 3359 solvi.
1212 3273 1371 3357 Primae
1396 3301 1452 3356 ex
1481 3270 1670 3383 autopaia
1699 3295 1832 3358 certas
1861 3276 1916 3360 de
1945 3275 2024 3364 Ich

352 3421 573 3537 thyocolla
601 3423 796 3508 notiones
826 3423 982 3508 deinde
1025 3425 1145 3508 dedit
1185 3431 1259 3510 cel.
1303 3426 1353 3505 M
1360 3429 1491 3506 illler
1530 3419 1601 3530 (in
1628 3425 1753 3507 Mem.
1781 3432 2024 3538 prescrutari

349 3575 514 3659 l’Acod.
544 3577 759 3676 deforis,
794 3575 911 3657 Tom.
941 3577 991 3656 V.
1020 3608 1061 3689 p.
1092 3583 1242 3687 263r),
1269 3573 1344 3657 ubi
1372 3569 1501 3655 etiam
1529 3592 1645 3653 recte
1674 3574 1858 3680 monuit,
1887 3602 2024 3665 contra

344 3725 648 3828 Ltnnaeum,
706 3723 795 3809 lora
822 3723 1122 3809 curriculorum
1152 3755 1236 3808 non
1266 3754 1290 3807 e
1319 3721 1436 3809 corio
1466 3718 1671 3824 Husonie,
1724 3726 1798 3809 aed
1826 3756 1853 3809 e
1880 3758 2024 3844 cogno

345 3872 463 3958 mine
492 3876 604 3987 apud
632 3880 787 3959 Rosaoa
814 3873 1032 3990 Delphino
1059 3878 1252 3958 Leucade
1279 3871 1431 3986 parari.
1501 3870 1614 3954 Dein
1655 3874 1766 3976 fuse,
1824 3878 1880 3960 de
1905 3883 2024 3968 mod<

345 4021 523 4140 parandi
552 4021 892 4139 Ichthyocollam
921 4026 1032 4140 apud
1058 4023 1273 4140 Rhymni,
1310 4023 1474 4134 Volgae
1500 4044 1545 4107 et
1571 4021 1697 4105 maris
1725 4025 1886 4139 caapici
1916 4060 2024 4119 acco

345 4169 407 4260 lae
435 4193 576 4260 actum
607 4173 744 4259 estin
783 4178 967 4262 Itineror.
1007 4179 1120 4264 tibin
1160 4184 1240 4261 mei
1279 4176 1372 4261 Vol.
1412 4175 1447 4258 Ι.
1484 4192 1529 4256 et
1558 4169 1606 4257 in
1635 4177 1848 4262 itinerario
1876 4190 2024 4294 perric<

308 4549 312 4558 Ι
396 4575 454 4668 (⁸)
478 4577 606 4644 Mirum
641 4569 736 4643 hunc
774 4597 929 4644 errorem
969 4577 1083 4642 etiam
1120 4575 1156 4642 in
1197 4567 1318 4646 Dinrio
1357 4574 1514 4648 litterario
1554 4565 1781 4666 Goettingeusi
1806 4567 1941 4664 (Goett.
1969 4582 2024 4665 get

478 4692 648 4780 anzeigen
660 4739 674 4781 ,
713 4687 963 4793 Zagate41tes
1006 4685 1323 4798 Sruck'un1’1774.
1347 4719 1381 4791 p.
1409 4695 1563 4791 CCCI..)
1590 4705 1716 4768 contra
1741 4700 1833 4770 cclcl.
1858 4695 2024 4771 Martem

477 4821 641 4886 nothum
666 4816 922 4888 confirmatum
947 4814 1070 4888 tutare.
1229 4819 1233 4829 '
