4404 5902
886 285 1043 342 e·-
1108 297 1110 301 ’
1724 275 1810 377 [35

92 494 543 568 veniretissecundo‘in
570 501 688 562 setam-
710 497 937 562 nrcurvatam
964 496 1151 585 elongato,
1179 517 1252 564 non
1279 489 1479 587 maculata,
1505 511 1677 592 apertura
1703 502 1814 570 bran·

105 621 244 728 cbialis
272 618 522 706 amplissima,
563 617 772 684 membrana
812 619 1091 707 branchiostega
1119 619 1229 686 radiis
1256 627 1440 712 utrimque
1468 647 1533 693 sex
1561 619 1813 694 crassiusculis¹

105 743 362 828 cartilagineis
400 744 577 805 instructa
603 736 826 824 latissima,
868 749 1029 807 sternum
1067 741 1168 808 velut
1207 744 1403 810 amiculum
1437 749 1625 815 ambiente
1662 753 1815 834 tegitur.

105 869 168 934 Ex
200 861 346 929 schedis
372 860 613 944 Stellerianis,
653 865 689 927 in
718 863 848 951 quibus
873 868 1009 951 piscem
1044 872 1208 930 nostrum
1235 865 1428 932 nonsolum
1456 877 1626 936 accurate
1653 868 1813 954 descrip-

102 995 190 1058 tum
221 984 285 1050 sed
312 987 421 1048 etiam
448 989 668 1048 structuram
694 992 731 1050 et
760 988 868 1052 situm
886 990 1044 1071 partium
1076 989 1297 1052 internarum
1326 988 1503 1075 quadem,
1525 987 1813 1057 dissecuonibus

102 1109 329 1178 anatomicis
356 1103 576 1171 illustratam
604 1108 753 1188 inveni,
803 1127 1018 1172 consensum
1056 1107 1302 1175 observatoris
1340 1109 1581 1177 oculatissimi
1606 1131 1692 1176 oum
1723 1112 1814 1174 meis

104 1226 447 1300 observationibus*
471 1231 699 1316 septuaginta
732 1249 916 1293 annorum
956 1228 1153 1296 intervallo
1193 1234 1369 1299 institutis
1397 1232 1595 1317 intellexi,
1644 1237 1723 1314 ita,
1772 1233 1815 1296 ut

107 1356 221 1444 quasi
249 1354 328 1440 ipse
368 1353 491 1415 icones
525 1348 571 1414 ad
604 1348 872 1436 descriptiones
907 1352 1122 1417 Stelleriana
1162 1354 1453 1440 comprobandas
1493 1355 1696 1421 delineasse
1724 1351 1815 1418 mihi
1859 1376 1862 1380 ’

105 1475 252 1544 videar.
291 1470 458 1558 Allegavi
486 1473 609 1553 itaque
635 1471 778 1537 easdem
807 1480 845 1539 et
872 1478 906 1539 in
933 1472 1017 1557 hoc,
1035 1481 1083 1541 «et
1111 1473 1313 1541 consultius
1339 1474 1429 1542 duxi
1455 1475 1748 1545 distinctionibus
1773 1479 1813 1542 et

106 1589 447 1685 comparationibus
467 1596 661 1675 insistere,
694 1613 801 1679 quam
829 1594 948 1660 denuo
975 1594 1192 1664 describere.

213 1715 402 1784 Gadorum
440 1720 581 1802 species
621 1714 735 1794 illae,
774 1715 991 1803 quibuscum
1019 1716 1193 1784 Wachnia
1232 1716 1501 1788 Camtscbs'tica
1543 1716 1814 1815 quodammodo

106 1841 303 1920 convenit,
331 1843 414 1902 sunt
439 1839 539 1904 tuscus
559 1845 604 1904 et
631 1833 794 1907 Cuilarius
814 1835 957 1924 (Bloch.
985 1841 1078 1906 icon.
1106 1840 1195 1907 Tab.
1224 1837 1303 1922 63.)
1330 1860 1350 1905 a
1381 1841 1511 1929 quibus
1538 1849 1660 1907 tamen
1689 1847 1816 1904 noster

116 1965 210 2031 notis
236 1957 403 2048 pluribus
429 1961 647 2048 specialibus
674 1965 806 2028 iterum
842 1958 1086 2044 distinguitur.
1151 1960 1327 2028 callarias
1359 1968 1458 2029 enim
1491 1983 1646 2052 corpore
1670 1957 1816 2048 ,gaudet

117 2081 304 2155 maculato
333 2080 393 2146 cel
418 2088 590 2168 guttat03
638 2083 745 2149 radio
780 2103 868 2147 vero
897 2086 1027 2168 pinnae
1055 2084 1230 2148 ventralis
1259 2086 1296 2149 in
1323 2091 1438 2150 setam
1466 2085 1637 2174 elongato
1665 2083 1817 2148 omnino

19 2260 29 2277 .
109 2212 248 2291 caret,
287 2225 310 2270 a
336 2205 418 2270 lusco
446 2208 604 2291 squamis
631 2205 826 2296 majoribus
854 2210 982 2286 tecto,
1023 2204 1137 2270 cauda
1165 2204 1345 2294 forcipata
1371 2226 1413 2272 ac
1435 2210 1559 2294 pinnis
1587 2201 1815 2272 neutralibus

102 2326 349 2438 brevioribus
376 2327 583 2410 instructo,
620 2324 797 2395 Wachnia
828 2332 952 2392 nostra
979 2325 1259 2416 macrocephala
1280 2347 1353 2414 per
1372 2330 1509 2394 rictum
1537 2329 1609 2392 oris
1638 2322 1818 2412 amplissi-

10 2533 12 2543 .
98 2474 213 2524 ιιιιιιιι
244 2447 370 2515 differt
395 2447 622 2515 etWachnia
648 2449 793 2537 gracilis
812 2470 886 2537 per
912 2451 1077 2535 corporis
1105 2454 1363 2536 proceritatem
1391 2455 1431 2515 et
1454 2447 1587 2515 lineam
1610 2445 1815 2514 lateralem.

91 2575 286 2664 Reliquis
325 2569 506 2638 Gadorum
548 2570 737 2658 speciebus
783 2569 1131 2636 luculentioreset
1092 2576 1335 2660 etpotiores
1374 2576 1484 2637 notae
1519 2568 1641 2635 adhuc
1680 2567 1817 2630 insunt.

10 2695 314 2815 ¹Atglcfinus
339 2715 375 2762 v.
402 2711 437 2778 g
466 2691 528 2758 vel
551 2691 685 2761 Hadok
711 2691 911 2780 Anglorum
937 2699 1049 2780 caput
1076 2692 1276 2777 elevatum,
1301 2692 1434 2759 lineam
1455 2690 1651 2758 lateralem
1671 2690 1818 2752 rectam

10 2768 16 2881 l
87 2818 302 2905 meolam
330 2819 466 2902 nigram
483 2813 539 2880 ad
562 2822 733 2881 exortum
753 2814 947 2904 ejusdem,
990 2818 1136 2903 pinnam
1169 2814 1374 2882 centralem
1400 2792 1539 2902 absque
1566 2814 1669 2880 radio
1695 2815 1820 2877 setoso

84 2946 334 3021 breviorem
363 2957 516 3025 praese
544 2935 639 3018 fert,
680 2932 841 3005 Msrrhui
869 2940 1059 3024 praeterea
1086 2938 1267 3003 maculata
1296 2940 1454 3024 squamis
1482 2936 1676 3017 maioribus
1698 2934 1821 3010 tecta,

80 3069 321 3151 Marlangus
347 3055 469 3127 cirrho
494 3056 646 3127 mentali
672 3059 870 3128 destitutus
895 3065 953 3124 est
991 3059 1225 3148 ejusdemque
1247 3057 1347 3124 linea
1375 3057 1538 3123 lateralis
1564 3064 1667 3124 recta
1688 3055 1823 3144 pinna·

77 3219 179 3292 flue
230 3180 356 3253 anelis
386 3184 556 3249 antemos
595 3180 805 3269 praelonga
868 3174 1049 3264 Mirum,
1085 3178 1333 3265 Francogallis
1358 3175 1534 3243 l‘officier·
1561 3176 1711 3253 dictus,
1743 3169 1822 3235 etsi

75 3311 248 3397 „inho
279 3309 493 3388 instructus,
519 3308 642 3371 tamen
660 3303 793 3369 iisdem
818 3323 902 3370 cum
923 3299 1164 3394 praecedenti
1190 3298 1402 3365 differentiis
1430 3317 1450 3361 a
1475 3296 1660 3364 Wachniis
1686 3289 1823 3359 differt.

70 3440 318 3527 Barbatus,
345 3424 550 3514 gibbosus,
594 3425 722 3510 pinnas
753 3421 873 3489 fasciis
897 3425 1054 3488 omnino
1083 3417 1316 3501 fimbriatas,
1364 3418 1510 3485 radium
1537 3439 1624 3484 vero
1650 3419 1688 3480 in
1707 3415 1825 3502 pinna
1917 3479 1919 3482 ,

71 3561 266 3645 „utris
294 3557 455 3617 setosum
485 3567 609 3612 verum
644 3566 716 3612 non
750 3544 871 3612 habet.
936 3547 1005 3610 Ex·
1030 3540 1129 3610 hisce
1167 3539 1506 3631 comparationibus
1539 3539 1825 3616 demonstratur,

66 3679 326 3769 machales
352 3668 638 3742 Camtschaticas
658 3666 868 3759 peculiares
887 3687 972 3735 asse
998 3664 1181 3734 cadorum
1216 3667 1384 3754 species,
1431 3662 1534 3753 quoii
1560 3667 1671 3730 etiam
1697 3677 1746 3725 ex
1763 3657 1827 3719 in·

67 3819 211 3893 gustu
248 3802 400 3864 iconum
425 3793 558 3862 elucet

215 3928 394 4002 Nawaga
437 3911 633 4004 Lepecbini
651 3906 769 4009 (Nou.
801 3917 1006 3984 =comment.
1039 3916 1187 4002 Pe'trop·
1219 3918 1316 3982 xlv.
1344 3907 1431 4002 435.
1458 3917 1487 3979 t.
1513 3915 1558 3976 Il.
1582 3907 1709 3976 xum.
1738 3894 1826 3968 5¹2·

62 4055 214 4141 ¹¹02)
246 4061 338 4108 ‚non
364 4046 420 4105 est
438 4035 639 4126 peculiaris
665 4038 756 4106 Gadi
785 4042 924 4125 species
944 4034 1014 4100 sed
1035 4038 1163 4123 potius
1191 4039 1347 4101 varietas
1374 4033 1466 4102 Gadi
1492 4030 1681 4112 callariae,
1710 4017 1830 4113 quall⁸

55 4190 236 4263 etiam
273 4168 312 4230 in
328 4166 529 4250 systemate
552 4158 825 4249 ichthyologiae
854 4156 992 4225 Blochii
1017 4177 1037 4222 a
1064 4154 1282 4224 Schneidero
1308 4155 1408 4222 edito
1428 4161 1594 4221 assumta
1622 4155 1692 4234 es't,
1720 4148 1829 4211 Arte·

67 4312 152 4386 ὧι
191 4287 340 4367 Gadus
365 4290 422 4349 est
448 4280 543 4369 (rid.
571 4286 616 4373 ej.
646 4287 777 4372 synon.
807 4305 845 4370 p
873 4279 934 4350 35.
962 4301 1014 4367 sq.
1042 4280 1097 4366 4.)
1134 4279 1229 4344 idem
1262 4285 1319 4345 est
1345 4276 1527 4346 canarias
1556 4272 1703 4340 Linuaei
1731 4272 1829 4351 (gens

79 4425 205 4515 ,54
245 4427 355 4499 spec.
384 4407 438 4494 ι)
472 4404 571 4494 quod
607 4410 677 4498 jam
715 4404 978 4471 celeberrimus
1011 4398 1198 4470 lluelrmter
1233 4397 1293 4496 (in
1323 4404 1415 4466 Nor.
1450 4401 1654 4466 comment.
1670 4393 1830 4470 Petrop.

69 4562 228 4631 osom
273 4534 372 4600 xlv.
397 4550 440 4618 ..p
465 4525 552 4616 484
578 4533 607 4594 t.
634 4533 707 4596 ΧΗ.
715 4530 731 4616 )
770 4527 1049 4593 demonstravit.
1114 4522 1240 4589 Altera
1273 4542 1359 4589 vero
1387 4515 1535 4609 slepe
1535 4519 1616 4587 bino
1649 4508 1834 4592 descripta

70 4669 214 4752 Gadi
249 4654 430 4743 Species,
469 4647 568 4718 Saida
600 4671 759 4738 nempe,
801 4649 973 4716 distincta
1006 4652 1063 4713 est
1098 4652 1136 4711 et
1171 4644 1377 4732 peculiaris.
1444 4639 1689 4708 Nousolumi
1680 4655 1716 4698 ιιι
1743 4623 1835 4692 marl

75 4797 208 4871 ,1120
256 4773 332 4846 sed
371 4778 481 4843 etiam
522 4777 559 4842 in
595 4771 670 4843 divi
705 4776 807 4843 Petri
844 4776 883 4841 ct
920 4767 1022 4838 Rauli
1028 4774 1171 4902 portu
1205 4762 1476 4837 Camtschatico
1502 4762 1596 4841 tales
1618 4756 1716 4834 Gadi
1735 4746 1834 4821 lus&

1378 4887 1455 4980 ‘24
