4404 5902
881 272 1028 325 εξ·-
1712 245 1814 352 ssa-

109 477 170 571 οδ
199 497 405 590 saporem.
460 474 560 561 Post
586 491 736 590 caput,
778 469 966 575 maxime
994 469 1247 597 aestimatur¹
1260 471 1420 561 ventris
1447 472 1615 574 carina,
1655 495 1807 590 utpote

110 625 415 741 pinguissinum
455 626 578 711 dorsa
611 647 754 748 autem
788 647 833 711 et
866 627 999 712 latera
1024 657 1172 742 parum
1204 661 1229 712 a
1256 627 1464 713 Salmonis
1491 625 1649 712 nobilis
1677 654 1803 710 carne

111 778 328 863 differunt.
387 775 600 888 Saliuntur
637 799 724 862 tam
764 776 920 893 integri
956 778 1120 894 pisces,
1163 809 1291 895 quam
1327 775 1554 894 praecipue
1593 777 1732 893 capita
1759 798 1806 862 et

108 953 293 1015 ventres.
363 935 636 1045 Tempestate
663 933 832 1017 favente
863 929 1019 1045 partim
1044 933 1092 1015 in
1120 944 1216 1018 aere
1243 929 1400 1047 partim
1426 930 1546 1019 fumo
1575 927 1800 1035 siccantur,

107 1102 156 1165 et
184 1079 245 1179 sic
273 1100 441 1196 paratur
466 1081 568 1201 inde
599 1081 715 1169 dicta
741 1081 894 1169 incolit
917 1085 1085 1169 Jakoza
1708 1077 1711 1087 ’

248 1236 420 1318 Doscr.
450 1233 676 1349 specimen
704 1235 890 1333 siccum,
918 1235 1061 1350 qualia
1086 1235 1208 1350 plura
1235 1232 1394 1341 habui,
1425 1237 1684 1354 descriptum
1711 1255 1803 1320 erat

103 1383 311 1500 tripedali
352 1392 486 1498 majus
526 1392 610 1499 (δ’.
634 1390 694 1474 δ”.
725 1390 849 1502 6’“.),·
887 1386 1067 1474 maximi
1107 1388 1305 1474 dicuntur
1342 1390 1405 1476 ad·
1425 1403 1476 1478 50
1496 1383 1637 1479 etde
1664 1386 1802 1472 librat

105 1539 299 1654 pondere
327 1564 519 1650 aequare.
577 1538 727 1629 Forma
756 1542 798 1626 S.
832 1537 970 1626 nobili
997 1537 1150 1625 similis
1179 1561 1252 1625 aut
1278 1540 1452 1629 tantillo
1477 1539 1632 1665 latior..
1645 1540 1802 1651 {Caput

106 1688 333 1793 conicum,
374 1719 533 1806 parum.
562 1671 871 1806 compressum,
924 1692 1064 1777 rostri·
1088 1698 1275 1779 maxillis
1313 1693 1674 1807 subaequalibust·
1705 1717 1804 1787 acue

104 1840 325 1945 tiusculis,
369 1871 504 1927 crassa
531 1871 604 1929 ora
629 1840 899 1957 marginatis,
939 1841 1117 1929 interius
1155 1842 1297 1931 valide
1336 1843 1566 1947 dentatis..
1589 1870 1722 1956 aeque
1749 1868 1799 1926 ac

107 2000 292 2080 tananaa
324 2014 561 2103 mystoceae
597 2024 784 2096 crassae3
826 1999 1000 2105 inferior.
1027 1995 1202 2080 maxilla
1244 1993 1368 2109 apice
1399 1993 1585 2089 acutiore
1615 1994 1800 2105 aliquan·

105 2165 201 2231 tum
230 2145 493 2260 prominula,
534 2149 821 2251 subredunca,
865 2149 1065 2237 dentibus
1095 2144 1248 2233 enticis
1262 2147 1526 2259 majoribus,
1552 2142 1797 2235 succidatis.
1906 2144 1914 2156 ’

102 2297 243 2381 Nares
269 2296 491 2412 duplices,
530 2276 728 2382 columna
756 2322 938 2402 cutacea,
955 2297 1275 2413 interstinctee,
1316 2326 1424 2412 quae
1451 2297 1680 2395 anteriores
1708 2297 1800 2382 fera
1851 2374 1853 2379 .

99 2446 227 2562 tegit.
285 2451 439 2534 Dentes
464 2447 510 2534 in
536 2449 678 2563 palato
706 2449 869 2566 triplici
896 2450 1016 2554 serie,
1045 2450 1090 2537 in
1117 2456 1263 2562 litrguo
1291 2449 1477 2566 duplici;
1506 2447 1613 2536 haec
1640 2440 1794 2551 breviat

99 2600 194 2687 lata
206 2664 221 2704 ,
264 2597 387 2716 apice
426 2602 709 2705 subrotundu,
753 2603 897 2688 medio
937 2604 1242 2706 tabernatam,
1287 2624 1404 2708 tota,
1446 2616 1545 2689 cum
1580 2599 1793 2703 faucibus,

99 2752 304 2868 plumbei
322 2750 489 2840 coloris.
519 2754 654 2838 Volua
675 2751 933 2851 branchialis
951 2759 1187 2855 rotundam,
1218 2756 1459 2870 majuscula,
1487 2751 1797 2841 coerulescenti

99 2925 332 3019 argentea,
373 2904 475 2997 dum
501 2925 628 3021 caput
655 2905 773 2990 fusco
786 2955 801 2975 ·
815 2905 1078 2992 coerulescit.
1136 2909 1325 2995 Flabello
1350 2911 1609 3001 brommato
1643 2939 1702 3016 ¹7·
1738 2905 1797 2989 la·

96 3056 251 3145 mellis
275 3057 502 3144 debellata.
558 3056 970 3155 Oculi-mediocres,
1010 3061 1088 3143 Iris
1120 3088 1220 3142 cum
1260 3058 1398 3146 virore
1426 3079 1637 3170 argentes.
1695 3057 1796 3140 Gor·

95 3240 186 3331 pus
212 3239 359 3324 parum
387 3237 698 3320 compressum,
743 3209 869 3293 dorso
897 3231 1126 3323 ventreque
1155 3209 1386 3306 convexis,
1413 3205 1613 3293 lateribus
1641 3234 1793 3290 conve·

94 3358 325 3453 xiusculis.
354 3364 482 3447 Linea
506 3367 693 3447 lateralis
720 3382 860 3464 tecta,
892 3360 1016 3446 dorso
1044 3360 1172 3474 paulo
1200 3360 1398 3476 propior,
1423 3361 1480 3447 ad
1507 3357 1646 3443 einum
1672 3358 1794 3443 bran·

90 3510 293 3605 chialem
325 3510 398 3596 vix
428 3513 700 3598 adscendens.
769 3514 901 3597 Pinna
929 3510 1104 3597 dorsalis
1137 3543 1183 3596 ra
1212 3511 1451 3614 radiorum,
1493 3508 1638 3597 fulcris
1664 3507 1801 3625 pluri·-

90 3668 185 3761 bus
215 3663 392 3779 stipata,
421 3667 659 3764 maculosa3
689 3666 865 3778 adipata
892 3669 1016 3749 dorso
1043 3664 1259 3768 concolor,
1293 3662 1576 3749 immaculata.
1633 3662 1802 3751 Pinnae

87 3822 338 3946 pectorales
372 3814 682 3920 teredinum,
725 3816 838 3901 intus
879 3818 1045 3918 fuscae,
1087 3837 1210 3899 extus
1242 3815 1579 3901 coerulescenti·
1598 3812 1795 3914 albida03

79 3975 308 4067 wemalet
340 4001 386 4054 ro
414 3966 628 4069 radiatae3
656 3970 867 4084 appendix
896 3966 1051 4053 iisdem
1080 3966 1271 4052 adsidens
1303 3972 1469 4078 (vomer
1496 3963 1793 4082 appellaveris)

82 4123 242 4244 ipsius
268 4119 424 4236 pinuae
452 4121 541 4206 fere
567 4118 848 4234 longitudine,
876 4118 1391 4224 carinato-bilamellata‚
1418 4139 1575 4232 quanta
1601 4115 1649 4202 in
1676 4115 1794 4206 nulle

76 4274 191 4371 alia
220 4271 375 4389 specie.
432 4278 478 4357 P.
507 4283 577 4356 otti
602 4272 893 4358 coerulescens
928 4286 974 4358 15
1003 4270 1176 4356 radiata.
1245 4272 1416 4356 Coudae
1457 4269 1590 4384 pinna
1629 4297 1795 4383 magna,

69 4423 286 4525 lunatim
313 4422 456 4509 excisa
469 4484 484 4522 ‚
524 4425 749 4509 maculosa.
804 4428 1006 4542 Squamae
1034 4419 1221 4536 corporis
1248 4424 1515 4534 majusculae.
1581 4424 1705 4507 Color
1732 4448 1797 4503 ar·

71 4597 326 4704 gentatus,
368 4575 415 4661 in
446 4581 570 4662 dorso
595 4577 712 4660 lusco
725 4626 739 4639 ·
753 4576 1069 4679 coerulescens,
1090 4656 1095 4664 ,
1116 4572 1162 4656 in
1191 4594 1337 4657 ventre
1367 4573 1496 4657 albus.
1552 4569 1800 4683 Longiurdo,
1886 4592 1888 4598 ’

70 4738 141 4829 in
178 4725 267 4815 alio
295 4727 529 4845 specimine
559 4725 607 4816 δ’.
636 4735 699 4834 4'.
727 4726 793 4815 δ”.
833 4725 985 4849 capitis
1013 4725 1070 4835 9'.
1100 4722 1170 4809 u''‘.
1208 4721 1397 4841 reliquae
1415 4721 1723 4842 ‚proportiones
1747 4717 1796 4819 in

1299 4892 1353 4985 47
