4404 5902
1017 293 1163 351 aa
1705 323 1719 347 .
1828 215 1965 364 att

379 489 549 576 Deser.
606 488 785 603 Magnit.
811 487 888 576 vix
916 488 1116 606 digitalis.
1173 495 1235 582 Os
1260 490 1456 583 dentibus
1485 489 1616 583 acutis
1628 549 1642 592 ,
1688 507 1919 576 antrorsum

238 641 481 756 majoribus.
550 642 680 726 Irides
706 644 814 726 flavo
829 691 844 708 ·
858 673 1021 727 aureae.
1090 647 1132 729 V
1128 667 1240 735 erteae
1267 648 1499 762 nigricans3
1554 653 1687 757 striga
1720 640 1919 753 utrinque

237 789 521 894 subocularis,
551 821 690 875 versus
720 764 884 906 apicem
912 791 1111 880 maxillae
1139 795 1339 910 obliqua,
1373 797 1597 898 continua,
1629 792 1764 907 nigra.
1821 792 1920 873 Cur·

243 973 322 1056 pus
350 941 725 1056 macrolepidotum
753 944 876 1026 dorso
903 941 1190 1049 cinerascens,
1230 947 1398 1061 punctis
1426 945 1532 1032 albis
1560 941 1740 1060 sparsist
1778 940 1921 1039 subtus

241 1091 401 1176 album.
468 1090 612 1174 Litura
640 1092 753 1176 fusca
780 1123 901 1208 supra
928 1092 1077 1208 pinnas
1104 1097 1363 1209 pectorales,
1405 1119 1452 1182 et
1492 1100 1599 1183 duae
1636 1091 1830 1203 utrinque
1867 1089 1923 1173 ad

240 1237 419 1355 pinnam
445 1243 617 1325 caudae.
657 1243 788 1326 Pinna
806 1244 918 1328 dorsi
932 1243 1069 1328 antica
1099 1244 1230 1359 spinis
1249 1260 1307 1333 15.
1336 1245 1519 1350 liturata,
1548 1241 1710 1359 postice
1738 1237 1866 1325 radiis
1879 1277 1945 1350 7.=

241 1396 444 1475 nen'treles
471 1388 590 1474 radio
617 1389 744 1478 unico
773 1366 1049 1508 spinescente.
1106 1399 1152 1482 P.
1188 1405 1258 1481 ani
1291 1395 1524 1500 inradiata,
1552 1392 1686 1478 tribus
1712 1389 1926 1506 prioribus

240 1537 437 1654 spinosis.
492 1543 641 1627 Gauda
667 1541 866 1660 aequalis.
921 1547 1072 1632 Sutura
1099 1546 1284 1631 lateralis
1312 1546 1475 1668 poetice
1501 1545 1746 1663 interrupta.

636 1977 866 2085 >XXXIX
945 1975 1525 2088 taunucus

382 2453 614 2538 Labracum
641 2445 822 2537 nomine
841 2452 1055 2570 distinguo
1079 2482 1210 2572 genus
1234 2451 1416 2570 piscium
1428 2447 1738 2540 thoracicorum
1747 2449 1925 2537 Oceano

243 2598 450 2718 pacifico,
481 2623 529 2688 ut
553 2600 744 2708 ride'tur,
780 2604 1017 2719 peculiare,
1060 2613 1177 2718 cujus
1203 2627 1366 2690 tantum
1394 2605 1500 2689 duae
1527 2599 1687 2719 species
1711 2598 1923 2701 indefesso
2063 2706 2066 2714 Ι

243 2751 414 2838 stellare
439 2749 736 2860 innotuerant,
752 2778 753 2782 ‘
769 2756 843 2871 qui
872 2757 1047 2842 alteram
1073 2758 1374 2870 Hexagrammi
1400 2753 1572 2840 nomine
1597 2749 1832 2854 recensuit,
1863 2747 1926 2834 al·

242 2919 378 2986 teram
406 2903 480 3012 (ob
506 2900 700 2989 habitum
728 2906 836 2992 forte
863 2907 1122 3022 peculiarem
1144 2928 1189 2991 et
1206 2905 1357 2991 suturis
1377 2901 1620 2990 lateralibus
1641 2895 1924 3017 praeterrisis)

241 3076 398 3165 genere
425 3052 624 3139 distincta
650 3055 875 3140 Labrem
900 3055 1145 3171 appellarit.
1215 3061 1356 3169 Quum
1383 3083 1482 3139 vere
1509 3053 1649 3168 plures
1676 3046 1839 3166 species
1867 3075 1923 3133 ex

244 3201 420 3286 Oceano
453 3202 696 3289 Amerinam
733 3235 756 3288 a
789 3204 1084 3292 Camtschatca
1123 3202 1350 3291 dirimente
1386 3200 1645 3316 acceperim,
1685 3198 1734 3286 in
1771 3196 1923 3313 quibus

243 3349 441 3438 omnibus
466 3351 713 3468 principalis
740 3377 786 3440 et
819 3354 1051 3441 essentialis
1085 3354 1302 3442 character
1338 3352 1501 3457 enitet,
1543 3379 1612 3435 eas
1648 3351 1701 3435 ab
1730 3348 1922 3434 affinibus

244 3500 387 3616 Spatia
416 3525 460 3587 et
483 3501 655 3602 Labris,
687 3510 772 3616 jam
801 3505 862 3593 sic
889 3505 988 3591 satia
1014 3503 1246 3591 numerosis
1274 3501 1519 3618 generibus,
1559 3522 1820 3616 segregatas,
1851 3527 1923 3618 pe·

244 3649 399 3736 culiari
424 3681 576 3767 genere
603 3675 647 3738 et
673 3655 845 3741 nomine
872 3687 1074 3773 propono.

385 3803 637 3919 Praecipuus
663 3803 740 3890 ille
770 3805 987 3894 character
1012 3804 1207 3894 consistit
1232 3804 1278 3893 in
1306 3833 1481 3892 numero
1506 3802 1924 3890 insolitosuturarum

249 3959 301 4043 ab
327 3978 507 4072 utroque
534 3957 665 4041 latere
692 3952 848 4044 lineam
874 3959 1114 4062 lateralem,
1143 3956 1214 4042 cui
1241 3955 1484 4041 simillimae
1512 3977 1633 4059 eunt,
1660 3951 1920 4068 stipantium.

249 4106 456 4223 Equidem
481 4105 733 4222 jampridem
759 4105 905 4193 monui
919 4117 1004 4223 (⁶),
1034 4107 1164 4193 etiam
1190 4106 1302 4192 inter
1329 4112 1478 4222 Sparos
1505 4127 1549 4192 et
1574 4107 1731 4192 Labros
1758 4103 1921 4190 nullum

251 4254 429 4344 t‘olidum
455 4256 682 4344 discrimen
709 4257 834 4342 statui
859 4290 1001 4376 posse,
1028 4288 1154 4376 quam
1180 4258 1319 4344 lineae
1347 4256 1533 4345 lateralis
1561 4252 1917 4392 mussitationem,

263 4703 267 4711 “
302 4694 597 4797 (⁸)1n5ptaag.
625 4701 759 4796 Zooltg.
787 4704 878 4780 Fert.
908 4697 1008 4778 Vm.
1030 4722 1065 4797 p.
1092 4720 1146 4795 45.
1175 4705 1262 4777 sotei

1463 4839 1486 4894 Φ
