4404 5902
979 285 1132 342 a
1812 273 1900 360 137

240 475 480 589 variegatam
508 475 640 557 cauda
668 474 914 575 flavescens,
944 471 1085 558 fasciis
1112 472 1314 559 obsoletis
1340 472 1533 559 violaceo
1547 525 1562 543 ·
1575 475 1725 576 fuscis3
1754 497 1900 589 pecto·

231 631 323 713 tales
347 621 487 709 fasciis
517 623 688 708 alternis
714 625 831 708 fusco
849 623 1103 728 -violaceis,
1160 647 1204 709 et
1239 627 1355 710 fulvo
1371 675 1389 690 ·
1405 624 1612 738 hyalinis,
1667 629 1799 711 anelis
1826 626 1897 710 iis-

224 782 314 868 dem
339 774 547 861 coloribus
577 774 800 887 variegata.
871 778 1104 889 Longitudo
1132 779 1193 882 4⁶.
1229 779 1318 861 10'''.
1356 776 1554 861 distantia
1598 778 1753 895 pinnae
1784 777 1896 862 dorsi

218 935 256 1017 ab
286 957 363 1014 ore
391 930 450 1030 4⁶.
481 924 548 1011 6‘''.
577 931 665 1037 ejus
694 927 886 1012 extensio
916 930 971 1012 a“.
1002 933 1071 1014 3”’.
1114 927 1314 1012 distantia
1348 931 1554 1015 secundae
1591 930 1895 1039 10''‘.ejusex·

213 1078 348 1167 tensio
376 1080 436 1162 3”.
465 1083 537 1162 5“‘.
566 1075 764 1160 distantia
792 1111 835 1192 p.
866 1080 1114 1163 ventralium
1144 1082 1295 1164 abore
1326 1082 1387 1165 3“.
1422 1086 1510 1162 10'“.
1550 1079 1706 1196 pinnae
1735 1079 1803 1162 ani
1834 1080 1893 1186 9“.

214 1230 258 1319 δ”.
298 1239 391 1343 eJus
420 1225 612 1313 extensio
641 1230 702 1315 δ”.
732 1229 879 1343 longit.
908 1262 947 1345 p.
970 1233 1127 1317 caudae
1158 1235 1215 1316 α’.
1251 1228 1328 1319 ram.
1385 1233 1589 1317 Anatome
1617 1262 1672 1315 ex
1701 1233 1896 1319 observa·

211 1384 331 1468 tione
357 1384 587 1467 Stellati:
639 1385 818 1482 „Pectus
846 1382 989 1466 valido
1016 1385 1329 1496 diaphragmate
1358 1384 1409 1466 ab
1440 1382 1535 1466 alvo
1564 1389 1821 1495 sejunctum,
1848 1383 1897 1468 in

211 1563 325 1647 ,quo
350 1565 418 1617 cor
445 1530 718 1643 triangulare,
748 1530 989 1637 univentre,
1022 1533 1068 1617 in
1099 1540 1214 1646 cujus
1242 1530 1333 1618 basi
1361 1540 1567 1637 auricula,
1600 1537 1756 1619 cuicor
1774 1557 1892 1650 parte

214 1683 364 1796 „plana
387 1681 622 1783 incumbit3
679 1704 820 1768 nortae
846 1708 1015 1768 truncus
1044 1683 1196 1778 ovalis,
1256 1681 1560 1797 pruniformis,
1608 1688 1678 1769 Ab
1707 1709 1820 1770 aorta
1847 1711 1895 1773 et

217 1835 423 1940 „auricula
450 1835 535 1918 duo
564 1864 660 1917 vasa
688 1865 764 1948 per
791 1833 1064 1951 diaphragma
1094 1858 1250 1919 exeunt
1278 1837 1331 1917 ad
1360 1833 1514 1948 hepar,
1573 1835 1818 1921 arteriosum
1845 1861 1893 1923 et

220 2011 454 2083 ,renatum
496 1987 637 2099 Hepur
663 1984 901 2089 unilobum,
935 1985 1112 2069 aurantii
1142 1986 1318 2089 coloris,
1348 1986 1480 2069 latum
1507 2009 1553 2068 et
1580 1987 1785 2100 amplum,
1816 1991 1893 2076 sed

220 2134 463 2229 „admodum
489 2158 637 2236 tenue,
652 2110 812 2222 'tantis
840 2137 984 2222 multis
1013 2141 1226 2223 obsessum
1254 2135 1300 2219 in
1328 2158 1505 2248 utroque
1532 2130 1678 2236 la'tere,
1706 2168 1891 2225 concavo

130 2366 135 2373 .
218 2276 368 2374 nlaoere
394 2286 631 2372 ventriculo
660 2290 884 2373 adnexum.
936 2291 1088 2414 Cystisx
1106 2289 1232 2375 fellea
1260 2285 1459 2391 uncialis,
1492 2288 1576 2386 aem.
1606 2317 1759 2392 crassa,
1790 2290 1893 2375 felle.

217 2423 436 2551 „limpida
474 2437 585 2521 ‘vini
613 2413 860 2523 ¹Mossellani
885 2437 1019 2523 simili
1047 2441 1207 2556 repleta
1219 2475 1233 2536 ‚·
1290 2440 1436 2522 ductus
1471 2447 1620 2550 cystici
1646 2453 1687 2525 8.
1714 2471 1893 2554 quorum

214 2579 420 2702 ”quinque
445 2589 677 2703 cystidem,
735 2604 759 2676 3
804 2618 904 2674 vero
940 2593 1113 2675 ductum
1153 2588 1469 2675 choledochum
1495 2561 1662 2703 inipso
1690 2589 1799 2676 ostio
1828 2623 1892 2675 su·

211 2720 384 2838 abeunt,
441 2738 574 2826 bilem
601 2740 827 2857 appendici
854 2740 995 2856 pylori
1022 2742 1233 2827 maximae
1261 2738 1568 2825 infundentem.
1635 2745 1892 2830 Ventriculus

211 2891 444 2975 »cancellos
474 2913 519 2975 et
544 2889 770 3007 pisciculos
799 2892 1039 2997 continens,
1084 2891 1247 2978 validus
1275 2916 1319 2976 et
1347 2891 1652 3005 amplissimus,
1695 2895 1891 2980 saccifor·

211 3028 334 3145 amis,
379 3057 404 3130 3
432 3044 538 3158 poll.
568 3045 716 3159 longus
743 3065 839 3166 eta
871 3045 974 3158 poll.
1003 3045 1130 3146 latus,
1172 3049 1452 3157 oesophagnm
1478 3044 1688 3160 recipiens
1715 3047 1761 3130 in
1788 3047 1889 3132 sini·

209 3196 343 3300 astro,
385 3202 535 3311 pyloro
563 3196 719 3279 effusus
745 3193 792 3280 in
821 3197 952 3281 dexto
980 3198 1123 3279 latere.
1180 3197 1357 3305 Pylorus
1385 3193 1569 3306 cingitur
1596 3199 1889 3309 appendicibus

209 3351 329 3448 adea,
359 3377 535 3462 quarum
560 3371 645 3432 tres
675 3355 864 3461 majores.
920 3352 1117 3433 Intestina
1145 3344 1398 3429 mesenterio
1427 3316 1471 3427 in
1501 3345 1631 3459 spiras
1659 3371 1885 3447 contracta,

206 3468 285 3569 „in
313 3528 391 3613 quo
421 3471 529 3582 vena
557 3522 770 3614 portarurn
798 3500 1062 3584 ramilicatur.
1109 3503 1208 3581 Lien
1234 3494 1439 3609 posterius
1468 3495 1703 3580 ventriculo
1733 3495 1886 3581 adhae-

199 3648 350 3754 πω,
394 3649 592 3755 unsaris,
635 3653 769 3736 torma
796 3651 939 3736 auctet
967 3647 1140 3763 dactyli.
1200 3624 1357 3731 avara
1385 3645 1573 3759 gemina,
1617 3647 1886 3762 saponaria

187 3795 682 3903 ”renibus‘adhaerent,
737 3802 904 3887 cellulis
932 3800 1045 3886 intus
1082 3798 1281 3883 distincta
1328 3803 1531 3907 (vacua),
1589 3829 1729 3880 versus
1759 3776 1883 3882 anum

179 3948 467 4038 ”coadunata
494 3953 540 4038 in
568 3986 696 4039 unum
723 3953 932 4056 canalem,
963 3973 1006 4037 et
1031 3952 1108 4036 sub
1137 3944 1274 4053 recto,
1304 3947 1429 4032 simul
1457 3978 1552 4031 cum
1585 3947 1723 4032 vesica
1749 3949 1884 4032 effun-

170 4073 400 4190 ’'duntur.
457 4107 662 4191 Intestina
689 4105 782 4220 ipso
810 4103 925 4220 pisce
952 4101 1187 4218 longiora.“

241 4257 303 4343 Β.
333 4262 384 4339 In
410 4257 574 4370 juniore
602 4258 742 4372 pisce,
801 4254 1056 4356 dodrantali,
1113 4255 1298 4337 colorem
1336 4254 1514 4337 observo
1543 4250 1669 4335 totius
1695 4250 1882 4366 corporis

158 4347 383 4514 fus(zum,
442 4411 530 4494 fere
569 4409 872 4524 nigricantem,
928 4405 975 4492 in
1006 4428 1149 4490 ventre
1177 4403 1352 4487 maculis
1380 4402 1539 4514 magnis
1568 4402 1880 4503 latescentibus,

160 4525 225 4616 Ρ·
268 4559 558 4675 pectoralibus
585 4559 719 4676 magis
746 4559 1091 4659 fulvescentibus,
1121 4554 1242 4668 nigro
1270 4533 1477 4653 fasciatis3
1507 4555 1640 4638 cauda
1668 4550 1787 4664 nigro
1819 4554 1882 4634 bi·

165 4654 398 4817 ⁸⁴⁸ciata,
428 4712 693 4820 latescente,
729 4743 772 4830 p.
802 4708 1058 4798 ventralibus
1087 4705 1236 4821 nigris,
1277 4705 1511 4789 lucescente
1528 4750 1543 4768 ·
1562 4702 1801 4808 maculatis,
1838 4725 1889 4792 ut

1400 4868 1446 4940 18
