4404 5902
382 341 440 434 28
1148 356 1302 417 εει

377 559 534 650 deserti
562 555 739 675 caspici,
780 553 856 644 ubi
883 557 960 644 sub
988 552 1201 673 lapidibus
1231 552 1557 640 delitescentem
1584 549 1745 638 inveni.
1815 558 1890 637 Est
1919 549 2075 668 agillis

381 713 499 818 aima,
529 714 661 801 cauda
689 712 874 798 maxime
906 710 1057 825 fragili,
1087 713 1202 823 quod
1231 739 1315 794 non
1343 706 1389 791 in
1418 705 1625 791 affinibus.
1686 707 1819 821 Capta
1847 735 2075 824 pressaque

381 868 628 955 distinctum
658 864 748 950 edit
776 864 986 980 pipitum3
1044 861 1235 947 morsitat
1263 883 1307 945 et
1334 890 1471 944 morsu
1501 858 1675 974 quidem
1704 859 1937 945 dolorifico.
2010 866 2079 944 In·

379 1020 544 1117 terdiu,
584 1020 660 1103 sub
690 1017 926 1133 lapidibus,
972 1014 1148 1131 pupillis
1179 1017 1297 1099 sedet
1324 1015 1385 1097 ita
1413 1011 1589 1108 clausis,
1645 1035 1692 1098 ut
1721 1012 1766 1097 in
1795 1012 1906 1097 iride
1936 1036 2081 1100 aurata

378 1172 454 1260 vix
483 1168 710 1286 vestigium
741 1169 872 1252 rimae
901 1165 1263 1283 perpendicularis
1305 1187 1530 1281 appaream
1587 1168 1660 1250 sed
1700 1188 1851 1269 noctu,
1912 1169 2082 1280 quando

381 1349 533 1446 sponte
564 1347 746 1437 vagatur,
778 1319 959 1436 pupillas
989 1318 1169 1403 exhibet
1199 1341 1260 1403 sat
1289 1321 1464 1434 patulas,
1495 1318 1907 1434 perpendiculariter
1933 1321 2079 1405 ovules

380 1482 450 1567 vel
481 1476 705 1591 ellipticas.
777 1478 910 1556 Larva
939 1504 1023 1556 non
1052 1494 1137 1568 est,
1194 1470 1292 1584 quia
1322 1475 1453 1586 pedes
1496 1468 1628 1556 habet
1686 1470 1995 1584 unguiculatos,
2037 1495 2083 1558 et

381 1663 572 1747 squamas
604 1629 834 1743 perfectas3
867 1656 946 1711 nec
977 1628 1030 1710 ad
1059 1627 1191 1710 ullam
1219 1647 1454 1709 nostrarum
1481 1623 1716 1740 specierum
1742 1627 1877 1710 forma
1905 1624 2075 1712 accedit

379 1784 452 1871 vel
480 1780 673 1868 minime.

517 1936 689 2019 Descr.
748 1936 889 2044 Caput
915 1954 1108 2034 ovatum,
1170 1953 1303 2018 rostro
1331 1933 1496 2024 obtuso.
1554 1932 1689 2020 Nares
1713 1929 1759 2016 in
1789 1930 1908 2047 apice
1940 1932 2081 2035 rostri,

378 2086 495 2177 oculi
522 2085 568 2170 in
595 2085 798 2170 latoribus
841 2083 993 2200 capitis
1035 2081 1323 2199 planiusculis.
1394 2087 1569 2171 Aurium
1610 2085 1705 2202 pori
1747 2083 1924 2184 minuti,
1961 2116 2078 2201 pone

376 2240 548 2327 rictum.
607 2240 771 2322 Collum
799 2256 1071 2322 coarctatum.
1132 2236 1292 2351 Corpus
1319 2258 1451 2340 teres,
1481 2239 1645 2324 calamo
1667 2237 1864 2323 anserino
1892 2237 2076 2345 tenuius,

378 2394 504 2478 dorso
532 2390 846 2501 abdomineque
874 2417 1127 2472 convexum.
1186 2390 1333 2473 Gauda
1360 2388 1626 2504 longitudine
1655 2388 1866 2507 corporis,
1919 2389 2077 2478 sensim

380 2547 631 2644 adtenuata,
662 2562 796 2624 acuta.
852 2541 1057 2657 Squomoe
1085 2569 1162 2654 per
1186 2562 1323 2626 totum
1350 2570 1500 2658 corpus
1529 2541 1752 2648 minimae,
1782 2543 1948 2658 planae,
1976 2546 2071 2630 sub·

378 2719 447 2783 tus
475 2695 522 2780 in
550 2721 728 2809 corpore
755 2693 883 2808 paulo
913 2699 1114 2806 majores,
1141 2695 1218 2778 sub
1245 2695 1377 2777 cauda
1405 2691 1544 2781 adhuc
1571 2718 1743 2795 auctae,
1780 2697 1855 2779 sed
1884 2695 1957 2781 vix
1985 2727 2075 2783 are·

378 2850 525 2934 nulum
553 2849 832 2946 excedentes,
889 2843 1050 2959 ubique
1077 2847 1311 2950 consertae,
1361 2846 1525 2934 molles.
1598 2849 1737 2965 Caput
1774 2848 1903 2934 etiam
1935 2873 2077 2937 totum

380 2997 612 3117 squamulis
643 2995 817 3082 minutis
845 2994 1069 3098 vestitum,
1125 3019 1289 3112 praeter
1323 2998 1484 3084 scutula
1513 3000 1760 3114 marginalia
1789 3001 2074 3090 maxillarum.

379 3161 509 3240 Artas
551 3149 713 3236 exiles:
776 3148 942 3263 palmae
985 3148 1237 3262 plantaeque
1280 3153 1628 3268 pentadactylae,
1695 3157 1839 3268 digitis
1881 3156 2077 3244 teretibus

376 3304 492 3393 haud
521 3303 707 3402 serratis,
763 3299 943 3386 minimo
970 3300 1196 3412 unguiculo
1223 3304 1475 3392 terminatis.
1540 3305 1779 3393 Plantamm
1809 3308 1937 3424 digiti
1963 3306 2077 3394 nulli

378 3460 504 3545 valde
532 3455 734 3572 elongati.
793 3456 919 3538 Color
946 3455 1088 3536 subtus
1119 3455 1261 3559 albus,
1304 3489 1429 3570 supra
1457 3490 1608 3566 canus,
1638 3461 1798 3548 umbris
1825 3459 2072 3548 transversis

378 3634 606 3700 retrorsum
648 3607 875 3720 angulatis,
933 3606 1260 3692 fuscescemibus
1299 3640 1429 3723 usque
1470 3611 1516 3696 in
1558 3615 1726 3728 apicem
1765 3618 1924 3701 caudae
1951 3611 2075 3731 quasi

377 3761 628 3851 imbricatis.
700 3763 848 3845 Fascio
886 3759 999 3843 fusca
1040 3759 1192 3874 capitis
1232 3762 1418 3847 lateralis
1458 3764 1655 3881 utrinque
1702 3801 1725 3851 a
1760 3767 1952 3875 naribus,
1994 3797 2076 3884 per

379 3916 526 4004 oculos
566 3916 619 4000 ad
665 3941 783 3998 aures
827 3941 971 4026 usque.
1040 3913 1279 4029 Longitudo
1318 3913 1452 4000 totius
1479 3916 1526 4002 in
1555 3917 1742 4032 pluribus
1769 3918 2076 4037 speciminibus

378 4075 439 4157 2⁸·
469 4067 557 4174 u't
632 4069 801 4158 Caudae
830 4070 883 4152 ab
910 4096 991 4153 ano
1024 4078 1080 4154 ι’.
1111 4068 1199 4157 31”’.
1227 4064 1380 4184 capitis
1408 4068 1477 4174 4‘'.
1549 4076 1700 4159 Forma
1740 4074 1795 4161 ad
1823 4073 2073 4162 Geckonem

377 4223 560 4312 accedat.
