4404 5902
948 403 1102 465 μ’
1839 352 1870 501 r'

174 649 246 710 sus
270 612 513 717 diuturnus,
541 592 760 727 pertinax,
791 606 1115 726 superveniente
1144 634 1189 698 et
1217 613 1492 732 amplexante
1519 644 1646 724 mare,
1678 617 1870 735 quamvis

177 765 360 887 genitali
388 766 579 852 membro
606 764 732 880 plane
762 761 979 849 destituto.
1046 766 1292 883 Temperies
1324 768 1537 884 sanguinis
1565 769 1869 860 thermometro

174 926 255 1012 vix
280 918 581 1040 percipienda,
625 938 811 1004 attamen
842 916 1127 1032 congelatioui
1155 920 1202 1006 in
1229 921 1347 1037 aquis
1375 922 1586 1011 resistens.
1658 929 1873 1012 Structura

175 1079 277 1167 illas
316 1071 619 1200 perfectiorum
667 1069 920 1161 animalium
956 1072 1082 1187 quasi,
1110 1074 1432 1190 compendium·
1470 1099 1514 1160 et
1556 1076 1873 1167 imitamentum

176 1230 297 1323 lacit.
380 1231 599 1311 innocuae
634 1226 726 1311 fere·
762 1254 908 1312 ornnes
950 1249 1080 1329 sunt,
1127 1231 1335 1341 quaedam
1376 1227 1509 1313 etiarn
1549 1229 1722 1330 edules,
1772 1230 1872 1316 imo

174 1381 415 1472 medicatae
442 1384 502 1490 (¹⁴)
530 1375 778 1495 habentur.¹
822 1384 857 1464 E
898 1378 1104 1494 Gyrinis„
1138 1409 1263 1495 saepe
1300 1378 1399 1464 satis
1442 1381 1626 1495 magnis,
1666 1386 1875 1498 quaedam

172 1559 335 1623 statura
364 1532 554 1622 minores
573 1535 809 1652 prodeunt,
863 1535 977 1618 unde
1004 1531 1152 1617 fabula
1174 1534 1237 1622 de·
1258 1531 1490 1618 mutatione
1523 1536 1665 1621 Ranae
1694 1536 1872 1652 paredo·

173 1722 260 1779 :cae
288 1686 559 1774 americanae
578 1685 623 1772 in
652 1685 819 1802 piscem.
841 1708 932 1771 orta
959 1708 1047 1790 est,
1104 1715 1231 1799 quam
1258 1683 1386 1770 series
1413 1687 1601 1801 perfecta
1628 1685 1753 1802 hujus
1781 1717 1875 1775 me·

169 1836 517 1956 tamorphoseos,
543 1869 646 1929 cum
668 1838 843 1954 reliquis
870 1838 1057 1947 Quriosis
1088 1838 1390 1954 Dalbergianis
1417 1838 1468 1924 in
1491 1843 1681 1929 Muscam
1706 1841 1872 1927 Acade·

167 1993 288 2087 miae
319 1991 664 2109 Pettopolitanae'
690 1992 833 2094 illata,
866 1990 1089 2106 splendide
1116 1991 1291 2078 refellit.

484 2179 528 2247 t.
602 2153 830 2247 Rana
908 2153 1269 2245 cachinnans.
1345 2155 1477 2245 TAB.
1521 2184 1566 2247 Ι.

315 2306 371 2387 R.
392 2299 548 2415 plantis
568 2297 769 2414 palmatis
778 2296 995 2397 maximis,
1017 2326 1201 2414 corpore-
1220 2297 1351 2402 nario,
1384 2299 1512 2414 striga
1542 2294 1697 2413 spinali
1724 2294 1868 2382 viridi.

398 2457 519 2536 Rana
565 2450 812 2554 ridibunda,
868 2452 974 2536 Pati.
999 2446 1004 2456 ¹
1025 2459 1115 2535 itin.
1167 2455 1202 2533 I.
1250 2484 1291 2567 p.
1341 2465 1437 2557 458.
1486 2452 1662 2567 append.
1714 2483 1755 2535 n.
1810 2467 1872 2559 ¹4·

456 2607 628 2690 Gmelin.
657 2625 763 2717 syci.
790 2607 880 2688 Lin.
909 2607 985 2688 ΠΙ.
1017 2636 1057 2719 p.
1092 2617 1205 2690 1051.
1237 2635 1297 2720 sp.
1331 2617 1403 2690 25.

404 2765 525 2847 Rana
564 2755 706 2871 gigas,
762 2758 935 2843 Gmelin.
964 2762 1051 2876 jun.
1079 2764 1169 2842 itin.
1197 2760 1274 2841 HL
1332 2759 1501 2843 Gnselirt
1531 2777 1637 2871 syst.
1668 2760 1759 2844 Lin.
1788 2757 1868 2841 ΠΙ.

456 2945 497 3028 p.
532 2924 648 3001 1053.
678 2942 741 3026 sp.
778 2928 839 3015 14.
868 2913 920 3012 β,

246 3074 253 3083 ’
287 3066 492 3170 Rossice,
517 3086 565 3150 ut
592 3093 721 3150 omne
747 3091 900 3178 genus,
930 3068 1212 3178 laegusclzlm.

284 3222 450 3309 Tataris
462 3286 474 3326 ,
508 3217 616 3304 item
645 3216 898 3332 generatim,
938 3214 1058 3304 Base
1070 3255 1086 3315 ‚·
1141 3216 1319 3332 K'i‘rgisis
1346 3220 1455 3305 Kal·
1469 3218 1614 3318 esst,-
1660 3211 1866 3306 Bocharis

347 3377 566 3488 Sowdogs
585 3368 723 3458 Persis
747 3372 861 3458 Kur-
880 3371 1005 3485 bugd.

294 3529 536 3618 Calmnccis
560 3528 739 3629 Melrele,
766 3525 836 3608 nel
862 3525 1093 3612 Moelaelsei
1104 3560 1121 3622 ,·
1147 3527 1259 3612 Bul·
1276 3529 1516 3613 maezaetet.

289 3678 586 3771 Tscherkessis
613 3679 782 3763 Honder
795 3729 810 3744 ·
823 3681 1032 3765 Kmoltmo.

319 3840 372 3921 In
413 3829 672 3955 arundinetis
712 3829 839 3916 maris
881 3829 1047 3948 Caspii,
1104 3831 1317 3921 inferioris
1354 3834 1545 3949 Vol'gae,
1601 3850 1645 3916 et
1673 3825 1872 3918 ommissis

167 3986 553 4088 rivulis'rsuricas
568 3982 823 4078 Chersonesi
849 4006 894 4071 et
920 3985 1077 4103 stagnis
1105 3988 1332 4077 maritimis
1356 3982 1646 4106 copiosissime
1674 3981 1870 4101 pullulat,

163 4259 497 4299 μ...-

235 4419 292 4515 (s)
315 4418 422 4509 Apud
446 4419 633 4487 Rossicsm
658 4412 806 4506 plebem
843 4417 974 4484 Ranae·
996 4416 1032 4482 in
1064 4418 1149 4484 sere
1174 4418 1332 4487 oceane
1358 4421 1397 4486 et
1421 4418 1461 4482 in
1485 4412 1676 4505 pulverem
1701 4406 1873 4477 redactae

312 4541 525 4611 vulneribus
560 4541 721 4629 inspergi
760 4537 897 4624 solent,
937 4545 976 4606 et
1011 4538 1193 4629 jusculum
1234 4561 1283 4608 ex
1321 4543 1366 4606 iis
1405 4543 1552 4605 coctum
1588 4538 1625 4600 iu
1659 4529 1877 4602 laesionibus

313 4665 464 4731 internis
502 4667 541 4730 et
579 4660 800 4751 haemoptisi
831 4664 1061 4748 propinatur.
1126 4664 1245 4728 Etiam
1270 4663 1393 4727 Tatasi
1417 4663 1455 4724 in
1480 4657 1608 4724 Sibiria
1635 4659 1733 4744 ipsus
1758 4655 1875 4716 Renes

316 4805 398 4852 cum
437 4783 578 4874 jusculo
617 4789 797 4851 comestas
833 4788 963 4848 contra
1001 4779 1153 4849 vulnera
1190 4788 1228 4850 et
1269 4787 1411 4850 interna
1442 4777 1539 4846 mais
1564 4775 1733 4858 hadent,
1774 4778 1812 4839 et
1837 4773 1874 4836 in
2010 4791 2013 4797 ·

310 4903 473 4998 pulveris
497 4905 614 4977 forms
624 4952 640 4995 ,
663 4910 838 4995 uuquam
863 4905 1303 5009 iusignetssumaticum,
1325 4902 1452 4974 multis
1476 4903 1651 4971 encomiis
1674 4893 1872 4966 extollunt.
