4404 5902
911 313 1062 370 Ξ
1157 331 1239 415 N
1749 331 1837 430 187

125 521 239 591 luteo
267 513 534 608 aliquantulum
560 515 700 586 tinctus
728 526 893 590 exornat.
947 527 1079 595 Pinnae
1105 525 1335 606 branchiales
1365 537 1478 629 duae,
1504 549 1678 640 utrinque
1702 577 1835 649 nempe

125 668 225 729 una,
266 643 313 710 ad
353 641 512 708 radicem
553 640 745 726 rubentes,
784 650 971 712 caeterum
1004 670 1116 719 aureo
1148 654 1272 724 colore
1308 660 1490 752 fulgentes
1529 681 1561 755 14
1598 675 1711 758 pollic
1751 680 1831 748 lon.

122 791 196 861 gae
225 779 258 852 ὦ
283 767 401 848 latae,
442 783 464 830 a
498 782 537 829 se
567 766 723 829 invicem
750 775 769 846 ᾗ
793 772 936 832 tantum
970 772 1143 857 pollicem
1170 777 1358 849 distantes.
1414 791 1544 860 Pinnae
1568 796 1693 863 anales
1720 799 1828 887 duae,

118 897 309 972 anterior,
361 889 455 975 quae
490 906 577 952 mox
611 885 677 951 sub
709 907 779 954 ano
811 892 939 978 incipit
970 898 1112 961 tanturn
1145 921 1218 966 non
1252 923 1265 968 1
1297 904 1424 992 pollic.
1460 910 1569 1004 longa
1596 931 1638 1001 αξ
1663 919 1739 987 lata
1770 931 1828 993 est

119 1018 313 1105 posterior
340 1025 375 1096 r'r
401 1007 492 1098 poll.
522 1006 615 1122 infra
639 1011 857 1078 anteriorem
885 1017 1059 1112 incipiens
1085 1030 1118 1103 ἦ,
1145 1020 1270 1110 pollic.
1308 1024 1537 1118 longitudine
1571 1054 1608 1124 ιθ
1632 1042 1828 1113 latitudine

113 1141 270 1223 aequat.
322 1139 487 1222 Utraque
511 1135 621 1219 pinna
647 1150 757 1198 aureo
782 1144 908 1202 colore
935 1142 1189 1225 splendescere
1221 1147 1358 1215 solet,
1394 1154 1518 1224 Gauda
1553 1175 1612 1246 αἶ’,
1638 1162 1745 1253 longa
1773 1171 1826 1233 in·

112 1264 225 1346 tegra
253 1258 364 1325 fusca.
430 1252 632 1342 iongitudo
657 1258 773 1320 totius
798 1261 908 1345 piscis
935 1260 980 1326 ab
1013 1272 1182 1330 extremo
1217 1276 1338 1343 rostro
1364 1272 1412 1340 ad
1436 1285 1642 1352 extremam
1668 1287 1823 1360 caudam

114 1402 135 1452 ι
168 1379 278 1470 pedis
303 1381 347 1465 4}
372 1375 559 1465 pollicum.

221 1502 351 1569 Altera
388 1497 480 1566 haec
521 1502 661 1587 species
700 1520 808 1587 quam
845 1500 900 1568 bis
938 1503 1096 1572 dissecui
1134 1512 1255 1597 quoad
1288 1517 1544 1590 intestinorum
1570 1533 1610 1596 et
1636 1532 1819 1602 viscerum

106 1634 341 1700 :uncturam
368 1643 450 1688 curn
479 1623 592 1709 priori
618 1625 801 1694 convenit.
848 1629 1083 1696 Ventriculus
1110 1653 1181 1698 non
1208 1633 1300 1703 adeo
1325 1642 1466 1728 amplus
1495 1645 1563 1714 fuit
1589 1649 1652 1716 sed
1679 1672 1817 1743 appen.

106 1752 215 1822 dices
257 1746 378 1837 pylori
418 1741 669 1810 vermiformes
709 1751 980 1834 copiosissimae
1024 1772 1140 1839 aeque
1178 1759 1214 1821 in
1251 1764 1327 1825 tres
1366 1740 1561 1833 iascicblos
1600 1770 1818 1845 distributae

109 1881 218 1944 emt
245 1878 284 1938 et
309 1866 468 1935 vasculis
494 1869 700 1933 tenerrimis
726 1873 906 1935 coccineis
938 1875 1174 1943 intertextas.
1241 1882 1280 1945 ln
1308 1886 1515 1953 ventriculo
1545 1889 1704 1960 dissecto
1731 1919 1816 1985 pro.

115 1997 186 2067 len
209 1994 353 2062 Blennii
380 1987 542 2061 Gulnelli
582 1989 685 2055 nobis
718 1991 938 2058 Butterfisch
975 1994 1064 2062 dicti
1101 2017 1184 2062 curn
1228 1997 1411 2089 operculis
1451 1995 1627 2077 muricum
1661 2021 1811 2104 copiose

112 2122 250 2189 uveni.
319 2111 554 2186 Ventriculus
579 2132 625 2178 en
655 2111 864 2179 membrana
890 2116 1098 2184 musculoso
1125 2119 1321 2188 vasculosa
1343 2125 1596 2196 robustissima
1624 2142 1815 2204 tenacissi-

99 2263 248 2330 naque
271 2243 492 2320 contextus,
545 2235 876 2303 intusadmodum
916 2258 1069 2325 rugosus
1106 2221 1174 2306 est‘.
1241 2247 1281 2308 In
1323 2249 1506 2316 intestinis
1528 2230 1808 2327 vinnumerabilis

95 2363 316 2435 auridum
343 2366 382 2428 et
408 2359 760 2452 echinorynchorum
787 2363 893 2449 copia
932 2380 999 2426 nec
1035 2382 1108 2426 non
1136 2367 1299 2448 taeniae,
1339 2388 1434 2455 quae
1457 2374 1569 2439 etiam
1600 2385 1812 2451 extrorsum
1846 2397 1850 2406 ‘

95 2491 139 2555 h
167 2485 357 2553 fasciculis
383 2485 626 2573 appendicum
654 2482 776 2549 sedem
803 2491 968 2566 tenuere,
1001 2483 1285 2571 reperiebantur.
1328 2488 1543 2562 Ascariedes
1567 2503 1608 2564 ut
1635 2502 1670 2565 in
1695 2506 1809 2590 priori

92 2613 231 2700 specie
270 2611 442 2675 intestina
479 2612 584 2698 quasi
625 2605 826 2694 implebant
864 2612 902 2672 et
935 2608 972 2670 in
1011 2605 1203 2673 fasciculos
1244 2608 1391 2676 filorum
1431 2614 1592 2683 adinstar
1619 2624 1808 2710 spiralium

88 2729 328 2802 convolutae
353 2738 487 2818 erant,
516 2751 625 2820 quam
649 2729 699 2797 ob
725 2733 965 2796 vermicosam
993 2727 1155 2796 indolem
1180 2735 1293 2799 etism
1318 2729 1411 2802 hanc
1435 2735 1621 2807 Gadorum
1647 2750 1807 2833 speciem

67 2857 254 2952 ‘sanitati
279 2853 474 2948 obnorriarn
498 2873 643 2921 censeo.

86 2973 275 3050 Stelleri
301 2970 482 3067 Descriptio
507 2976 601 3066 piscis
627 3000 698 3048 ονος
722 2971 795 3040 slve
821 2971 903 3041 asini
927 2972 1141 3061 antiquorum.
1198 2977 1353 3043 Turneri
1380 2980 1427 3047 ad
1453 2981 1652 3053 Gesnerum
1678 2989 1805 3060 esseni

203 3102 307 3166 tertii
333 3103 412 3166 sive
437 3099 622 3189 Aegleirni
648 3094 857 3163 Rondeletii
891 3103 930 3163 et
951 3095 1135 3172 Gesnefi,
1178 3096 1363 3185 Aeglefini
1388 3102 1563 3190 Bellonii,
1603 3110 1807 3197 Anglorum

199 3220 331 3288 Hadok
369 3219 481 3293 Rursis
521 3221 565 3292 W
568 3220 684 3313 acbnja
721 3223 885 3315 (Banna)
924 3217 1001 3286 dicti
1046 3231 1195 3308 corrupta
1235 3239 1327 3287 voce
1363 3216 1610 3311 linimentum,
1664 3230 1696 3297 in
1736 3254 1803 3323 qua

200 3320 316 3422 Uala!
339 3346 442 3415 audit.

170 3476 288 3540 Piscis
313 3470 374 3537 hic
401 3468 448 3537 ob
472 3476 549 3535 tres
578 3469 613 3532 in
642 3465 750 3534 dorso
778 3469 905 3555 pinnas
930 3464 1045 3532 asello
1073 3463 1331 3531 accensendus.
1376 3468 1492 3533 Vivus
1521 3488 1629 3558 supra
1655 3471 1792 3544 lineam

86 3594 309 3681 oliraceus,
352 3593 445 3660 infra
470 3609 601 3657 aureus
628 3590 852 3671 flavescens;
890 3594 1055 3655 mortuus
1083 3593 1275 3673 argenteus
1302 3587 1449 3687 evadit5
1489 3591 1654 3678 Squamis
1680 3596 1796 3663 ovali-

84 3719 164 3789 bns
191 3717 440 3785 minutissimis
475 3734 518 3782 ac
557 3715 844 3801 pertinacissime
882 3714 958 3777 cuti
995 3708 1275 3776 adhaerentibus
1313 3715 1454 3795 tectus,
1495 3733 1589 3800 quae
1615 3717 1796 3785 obscurae

83 3837 376 3921 branchium,
401 3836 474 3905 huc
499 3834 584 3902 dum
611 3835 737 3902 valvas
763 3833 810 3900 ud
836 3830 964 3900 oculos
990 3851 1105 3920 usque
1131 3839 1169 3898 et
1196 3834 1368 3926 verticem
1396 3831 1442 3899 ad
1469 3855 1596 3919 nares,
1625 3838 1689 3904 sed
1714 3845 1794 3905 tan·

84 3971 178 4034 tum
206 3961 307 4030 velut
333 3963 488 4048 vestigia
515 3978 746 4047 squamarum
776 3961 961 4043 occupant
992 3974 1060 4020 nec
1096 3937 1173 4020 acie
1200 3951 1412 4019 cultriulla
1438 3945 1599 4045 separari
1624 3964 1789 4047 possunt.

85 4092 256 4159 Minores
282 4086 398 4172 figura
422 4088 560 4149 teretes
587 4085 698 4171 magis
737 4098 846 4167 quarn
885 4075 983 4143 latae
1021 4081 1105 4142 sunt
1144 4079 1339 4164 praecipue
1379 4084 1464 4143 ante
1504 4097 1632 4161 anum,
1677 4083 1795 4148 itaet

82 4216 232 4304 puncta
259 4212 362 4295 nigra
385 4203 471 4272 hinc
496 4202 580 4271 inde
604 4207 641 4269 in
667 4203 775 4270 dorso
794 4207 834 4267 et
858 4202 977 4287 pinnis
1004 4195 1273 4265 branchialrbus
1299 4217 1342 4265 ac
1369 4196 1573 4265 dorsalibus
1600 4207 1791 4290 apparent.

77 4335 215 4419 caput
237 4334 406 4397 conicum
432 4326 576 4414 longius
600 4347 708 4415 quarn
734 4329 910 4403 crassius,
956 4326 1088 4385 vertex
1113 4327 1151 4386 et
1176 4320 1275 4388 frons
1301 4339 1481 4387 convexa.
1548 4321 1702 4388 Maxilla
1731 4345 1790 4390 su·

80 4457 218 4549 perior
240 4452 403 4519 inferiori
429 4450 574 4539 longior
599 4455 640 4516 et
663 4449 785 4515 latior.
851 4448 974 4512 Rictus
1001 4448 1151 4531 apertus
1177 4442 1314 4524 ovalis,
1354 4439 1490 4506 labium
1518 4446 1683 4551 superius
1710 4464 1788 4509 mo·

75 4577 182 4660 bile,
211 4573 358 4641 inferius
384 4595 468 4640 non.
520 4571 717 4661 Appendix
747 4569 895 4636 frenalis
923 4587 1054 4657 parva,
1094 4564 1209 4652 figura
1234 4562 1350 4646 clavi,
1391 4568 1547 4630 acutiori
1575 4540 1682 4652 pina
1711 4584 1788 4629 sur·

74 4720 167 4770 sum
194 4697 344 4765 directa.
409 4703 522 4764 Nares
556 4694 726 4783 duplices
756 4692 876 4758 medio
902 4696 996 4757 inter
1022 4696 1227 4755 extremum
1255 4691 1413 4752 rostrum
1439 4692 1480 4752 et
1506 4685 1634 4752 oculos
1660 4690 1780 4771 spatio

72 4827 181 4892 ritae
205 4820 398 4890 tubulosae
422 4817 610 4891 nutilium
635 4817 862 4908 prominulae
888 4813 1036 4904 oblique
1074 4829 1200 4879 versus
1225 4805 1389 4874 fraenum
1416 4808 1577 4877 directae
1603 4826 1647 4878 ac
1672 4805 1782 4896 plana

1360 4928 1381 4972 ο
