4404 5902
1028 346 1177 402 m
1232 393 1235 400 -
1859 351 1945 435 ¹²5

248 546 485 666 specierum
510 549 675 662 farrago
716 543 763 633 in
803 543 884 633 illo
925 545 1032 633 mari
1069 544 1320 634 viventium.
1351 597 1401 615 -·
1448 550 1561 635 Cotti
1593 571 1805 665 utcunque
1835 549 1946 636 facie

248 698 603 830 Gabiis-similes,
631 699 856 785 evidenter
884 721 1026 784 tamen
1055 700 1109 784 ab
1136 697 1191 784 iis
1220 699 1421 784 differunt
1455 723 1673 800 structura,
1700 732 1786 786 uon
1806 703 1942 786 solum

251 860 469 967 planarum
492 858 755 954 ceramium,
799 874 844 938 et
870 858 980 938 linea
1005 858 1169 938 laterali
1197 848 1538 958 evidentissima,
1596 856 1673 980 sed
1696 850 1944 970 praesertim

253 1001 515 1119 amplissima
545 1001 832 1088 branchiamm
860 1023 1072 1118 apertura,
1114 1004 1227 1086 unde
1256 1025 1377 1088 extra
1404 1035 1555 1119 aquam
1582 1004 1708 1090 citius
1735 1002 1947 1090 amorius«

250 1176 339 1254 tur,
400 1157 502 1240 dum
542 1153 691 1258 Gobii,
750 1153 901 1268 quibus
928 1185 1057 1269 parva
1084 1176 1129 1238 et
1156 1154 1371 1239 valvulosa
1405 1153 1703 1243 branchiamm
1731 1176 1948 1271 apertura,

255 1304 344 1400 siue
375 1335 483 1420 aqua
508 1304 699 1391 insieco
725 1305 800 1389 diu
827 1305 972 1392 vivere
999 1328 1184 1422 possuna
1233 1309 1367 1392 Cattis
1393 1305 1588 1392 omnibus
1614 1305 1850 1393 communis
1878 1327 1944 1392 est

252 1466 470 1571 pinnarum
496 1479 700 1542 structura
728 1478 773 1540 et
800 1458 959 1561 farma;
998 1465 1224 1574 pectorales
1249 1456 1304 1542 iis
1332 1455 1567 1558 maximae,
1602 1458 1868 1565 alaeformes,
1885 1453 1949 1544 'in

254 1607 395 1720 gulam
423 1638 554 1723 usque
581 1609 823 1723 productae,
854 1617 1053 1695 ventrales
1083 1610 1169 1695 fere
1195 1609 1403 1723 jugulares
1433 1609 1749 1723 angustissimae
1778 1606 1940 1718 cirrha-

255 1786 351 1859 sae3
407 1761 582 1845 dorsalis
608 1759 745 1876 prima
773 1791 925 1875 parra,
979 1791 1208 1876 paucorum
1248 1760 1505 1864 radiorum,·
1541 1783 1585 1844 et
1613 1760 1802 1846 omniurn
1830 1762 1941 1845 radii

257 1909 490 2025 simplices,
545 1932 711 2027 praeter
738 1913 936 2017 caudam,
996 1911 1066 1997 cui
1092 1908 1228 1997 bifidi.
1305 1916 1442 2026 Caput
1467 1912 1626 2024 grande
1656 1910 1871 2026 spinosum
1898 1932 1945 1994 et

255 2059 382 2151 rictus
395 2038 396 2043 Ν
411 2060 691 2177 amplissimus
718 2062 875 2177 pariter
914 2064 962 2148 in
1005 2060 1213 2149 omnibus.
1285 2066 1448 2180 Species
1474 2071 1673 2150 loricatae
1699 2057 1942 2176 (Phalangi-

255 2233 340 2299 stae
369 2242 490 2297 meae
518 2214 588 2298 vel
616 2213 760 2326 Agoni
786 2212 1031 2325 Blochiani)
1063 2216 1115 2298 ad
1136 2213 1382 2317 Loricarias,
1414 2211 1739 2328 Callichthydes
1768 2237 1812 2300 et
1838 2212 1939 2297 Aci·

250 2393 447 2479 pensares
473 2364 695 2452 transitum
725 2364 861 2451 abiis
893 2367 1167 2452 constituunt.
1206 2370 1249 2450 A
1265 2364 1551 2480 Callionymis
1573 2395 1778 2480 perquam
1806 2363 1940 2450 affini·

254 2516 331 2600 bus
360 2515 563 2601 differunt
591 2520 704 2602 Cotti
744 2517 886 2633 pinnis
912 2517 1158 2634 praesertim
1186 2514 1465 2621 neutralibus,
1519 2545 1627 2631 quae
1656 2515 1868 2601 maximae
1896 2536 1943 2602 et

251 2665 454 2751 distantes
481 2664 529 2749 in
552 2663 667 2768 illis3
697 2666 800 2754 dein
827 2691 1019 2785 apertura
1039 2667 1352 2755 branchiarum.
1397 2667 1536 2784 Magis
1556 2666 1815 2767 conveniunt
1841 2697 1945 2755 cum

257 2818 536 2925 Uranuscopo,
567 2845 648 2904 nec
674 2819 803 2908 video
838 2850 1022 2936 quonam
1061 2817 1307 2907 charactere
1347 2817 1536 2905 solitaria
1572 2817 1685 2910 ,haec
1722 2817 1884 2935 species
1915 2847 1943 2903 e

253 2997 407 3082 genere
422 2973 634 3056 Castorum
646 2970 780 3057 eximi
791 2971 941 3087 possit,
975 2975 1082 3057 adeo
1107 2969 1367 3057 conveniunt
1393 2967 1558 3076 habitu,
1587 2968 1738 3086 capitis
1767 2990 1941 3086 propar-

251 3121 372 3210 tione
393 3147 439 3208 et
464 3148 693 3222 armatura,
721 3120 945 3239 pinnarum
972 3123 1056 3207 situ
1081 3144 1127 3207 et
1152 3119 1506 3225 conformatione,
1534 3119 1732 3236 lineaque
1757 3119 1939 3205 laterali.

728 3279 1214 3401 99.-COTTUS
1276 3277 1463 3368 Gabia.
1830 3404 1831 3407 Ν

393 3428 446 3514 C.
495 3428 637 3546 capite
686 3422 938 3530 diacantho,
1000 3420 1158 3512 aculeis
1205 3418 1416 3518 incurvis,
1476 3419 1608 3536 piune
1648 3422 1761 3509 dorsi
1801 3418 1950 3538 priore

258 3578 595 3693 septemradiata.
846 3656 848 3661 .
972 3658 976 3665 .
1143 3646 1147 3656 ,
1280 3571 1284 3586 ’
1362 3659 1366 3663 ,

478 3728 636 3817 ῦοδὶσ
662 3731 881 3821 fluviatilis
905 3729 1126 3850 capitatus
1163 3730 1362 3839 (auctor.)
1410 3728 1636 3844 thtugtb.
1670 3735 1871 3842 iclultyol,
1897 3761 1946 3843 p,

535 3897 622 3993 ²37·
653 3884 799 3969 tab.H
809 3895 857 3965 3..
866 3886 952 3994 fig
981 3896 1021 3969 3.
1048 3885 1142 3999 Raj.
1169 3911 1265 3992 syn·
1291 3890 1392 4000 pisa·
1422 3913 1465 3996 p·
1494 3894 1561 3993 26.
1590 3884 1751 3975 Masall
1771 3877 1949 3974 Danube

529 4036 604 4119 IV.
633 4067 675 4149 p.
705 4047 772 4143 73.
801 4033 886 4117 tab.
915 4049 980 4136 24.
1000 4035 1086 4144 fig.
1118 4067 1156 4115 2.
1435 4109 1436 4116 Ν

473 4181 705 4288 Bullhead,
763 4183 884 4292 (cul
911 4212 962 4268 οι·
980 4182 1164 4267 'Miller's
1202 4162 1374 4296 thumb)
1412 4185 1582 4271 Petluer.
1616 4214 1727 4299 oper.
1759 4166 1943 4271 iuml

368 4350 373 4360 ·
531 4370 571 4451 ρ.
606 4336 671 4442 19.
699 4337 823 4422 Pena.
848 4335 968 4422 2001.
995 4337 1102 4419 aas.
1130 4338 1227 4443 (410)
1256 4338 1333 4417 rn.
1363 4301 1403 4449 ti·
1434 4367 1503 4447 97.
1528 4334 1612 4421 ue.
1642 4348 1720 4442 aa<
1891 4364 1895 4397 2

476 4487 624 4573 Castus
650 4487 822 4588 Gabia,
842 4491 933 4574 lla.
960 4507 1066 4600 syst.
1095 4486 1192 4570 ΧΠ.
1220 4489 1255 4570 l.
1283 4515 1325 4601 p.
1356 4500 1451 4593 4⁵2·
1479 4517 1528 4607 sp
1570 4493 1611 4574 ai
1687 4460 1692 4475 ⁶
1762 4558 1765 4565 .

475 4637 624 4726 Cottas
649 4638 781 4754 spinis
810 4636 990 4724 curvatis
1009 4638 1169 4725 duabus
1184 4626 1242 4722 ad
1261 4658 1483 4754 utrumqne
1504 4628 1775 4758 operculum,
1791 4626 1941 4757 Bloch.

523 4800 623 4903 pisa.
647 4823 778 4904 getan.
804 4794 863 4878 ll.
893 4824 935 4906 p,
969 4825 1042 4877 sa..
1061 4823 1103 4877 u·
1136 4790 1385 4885 ›stabell-
1402 4793 1506 4903 βε.
1524 4825 1560 4879 a.
1586 4823 1720 4880 an.„.·
1763 4842 1821 4882 ‚·-.,..,
