4404 5902
914 302 1061 352 ³²²·-
1234 271 1235 274 ‘
1753 305 1837 390 195

125 519 257 598 nata,
301 511 371 594 ita,
405 514 447 578 ut
472 507 593 577 fauces
622 509 801 597 inspicere
827 511 954 596 possis.
1007 505 1181 576 Maxillae
1208 508 1405 598 superioris
1431 501 1493 608 aa)
1518 511 1697 601 margines
1722 515 1842 583 denti-

125 633 257 701 eellis
284 636 468 699 anteriora
493 651 619 698 versus
647 634 685 695 in
714 634 855 716 agmina
881 635 1104 696 coacervatis
1132 639 1293 699 armatae
1328 638 1412 698 sunt
1437 637 1536 700 etin
1564 639 1650 722 ipsis
1679 635 1840 703 faucibus

116 755 182 821 ad
215 752 386 842 palatum
412 753 512 818 vides
539 750 733 819 tubercula
759 751 832 816 duo
857 749 913 832 ll)
941 750 1146 817 denticellis
1175 752 1312 840 obsita,
1352 752 1384 836 c)
1411 752 1555 841 linguae
1583 761 1776 844 vestigium
1802 758 1842 842 d)

113 896 247 944 arcus
274 871 528 939 branchiarum
555 874 678 939 dextri
705 881 742 941 et
772 875 804 960 ε)
844 870 1038 939 branchiae
1072 877 1287 960 ,pectinatae
1321 879 1457 942 sinistri
1492 875 1631 944 lateris.
1697 882 1769 966 Fig.
1803 875 1841 947 3.

111 1001 330 1068 Diameter
354 998 484 1084 capitis
514 998 550 1060 in
586 994 706 1060 medio
745 994 1001 1082 operculorum
1041 992 1305 1060 branchialium
1338 996 1449 1085 paulo
1483 1003 1567 1085 post
1594 995 1754 1064 cirrhum
1781 1021 1839 1067 su-

110 1117 373 1211 perciliarem
398 1115 730 1182 transversaliteter
756 1116 930 1183 dissecti:
956 1118 992 1180 in
1016 1115 1076 1202 fig.
1105 1118 1160 1202 [με
1189 1117 1366 1185 diameter
1384 1123 1555 1204 corporis
1581 1118 1627 1186 ad
1653 1118 1839 1191 dimidiam

106 1247 273 1334 pinnae
300 1235 453 1302 dorsalis
480 1242 621 1324 partem
649 1238 724 1304 fere
751 1259 865 1326 prope
892 1257 1000 1302 anum
1028 1236 1188 1304 dissecti.
1225 1238 1385 1305 Tabulae
1413 1245 1504 1308 XVI.
1533 1238 1595 1325 fig.
1629 1261 1660 1308 ι.
1688 1263 1839 1330 reprae-

104 1367 261 1432 sentat
288 1356 428 1425 Gadum
454 1356 772 1446 macrocephalum
800 1357 974 1425 Ruthenis
1005 1355 1170 1435 l‘l'achnia
1198 1358 1334 1426 dictum
1361 1381 1382 1425 a
1410 1359 1526 1426 latere
1553 1364 1697 1447 visum,
1736 1369 1837 1455 cujus

104 1483 324 1552 abdomen
351 1499 464 1567 prope
491 1499 598 1544 anum
626 1499 646 1544 a
671 1476 769 1545 collo
797 1485 939 1546 vesicae
966 1485 1003 1544 et
1029 1480 1192 1568 partibus
1219 1479 1435 1566 genitalibus
1463 1485 1614 1548 internis
1641 1490 1837 1554 extensum

99 1601 318 1691 singulari
344 1598 453 1666 modo
480 1604 661 1687 prominet
688 1600 743 1664 A‘:
786 1600 961 1688 opercula
993 1603 1154 1692 ejusdem
1186 1585 1463 1691 labiorum'per
1495 1601 1513 1667 b
1545 1601 1705 1671 indicata
1738 1613 1836 1688 sunt,

99 1736 151 1798 et
181 1723 328 1791 radius
355 1723 543 1808 pinnarum
572 1720 792 1788 ventralium
820 1721 1049 1808 longissimus
1076 1730 1216 1789 setosus
1243 1744 1309 1811 per
1335 1723 1381 1817 c)
1435 1727 1584 1809 Figurae
1611 1741 1632 1790 2
1661 1731 1700 1793 et
1726 1723 1749 1794 3
1777 1747 1833 1793 os·
1851 1805 1853 1809 Ι

99 1845 246 1921 sicula
292 1842 475 1909 labiorum
512 1840 701 1910 denotant.
767 1849 807 1908 ln
838 1844 978 1909 Tabula
1005 1849 1131 1912 XVIII.
1167 1845 1283 1911 altera
1319 1843 1492 1935 Wachna
1526 1848 1648 1954 capite
1683 1853 1837 1934 minori,

93 1938 234 2064 {pam
268 1963 416 2034 Gadum
441 1961 613 2050 gracilem
640 1962 952 2049 denominavi,a
978 1965 1095 2033 latere
1122 1971 1199 2032 visa
1226 1941 1444 2053 depingitur
1495 1970 1534 2029 ln
1561 1967 1688 2035 tabula
1702 1974 1836 2039 XVIIta

104 2094 310 2164 {antemna
338 2085 515 2174 quaedam
538 2083 624 2170 gadi
651 2083 921 2173 macrocephali
945 2086 1128 2153 delineata
1167 2093 1260 2155 sunt.
1325 2090 1454 2174 Figura
1479 2090 1596 2177 prima
1622 2088 1836 2191 Waehnjam

10 2208 51 2245 ⁴
93 2220 242 2310 lpum
280 2227 437 2298 pronam
462 2206 654 2272 abdomine
681 2228 747 2295 per
777 2213 895 2272 totam
933 2206 1196 2295 longitudinem
1233 2208 1391 2274 dissecto
1426 2209 1660 2298 ejusdemque
1694 2215 1834 2279 viscera

88 2342 140 2410 in
174 2341 272 2404 situ
302 2327 461 2396 naturali
486 2334 674 2397 monstrat.
726 2330 772 2396 A.
801 2329 938 2396 Cavum
966 2327 1127 2394 thoracis
1154 2337 1320 2417 apertum
1347 2347 1429 2395 cum
1457 2327 1586 2417 pleura
1609 2339 1651 2399 et
1676 2337 1835 2423 pericar-

85 2463 170 2533 dio
205 2455 255 2543 a)
288 2448 526 2541 diaphragma
551 2470 633 2517 cum
667 2457 772 2537 septo
812 2449 1104 2538 perpendiculari
1149 2448 1318 2536 hepatico
1355 2450 1416 2516 vel
1458 2451 1655 2538 ligamento
1688 2452 1835 2543 hepatis

80 2575 382 2673 guapensorio.
446 2545 570 2639 ΒΜ
595 2576 717 2660 Hepar
742 2575 886 2660 ipsum3
930 2569 994 2638 cssr.
1022 2571 1239 2660 appendices
1272 2569 1396 2662 pyloni
1420 2571 1669 2641 vermiformes
1695 2579 1834 2643 ventri·

77 2704 204 2780 2210
239 2697 289 2784 A)
317 2691 586 2763 incumbentes:
624 2691 681 2776 ee)
708 2697 920 2761 intestinum
947 2712 1106 2759 crassum
1127 2702 1157 2775 j.
1187 2691 1325 2760 collum
1353 2696 1494 2760 vesicae
1520 2692 1722 2762 abdominis
1749 2715 1834 2786 pro·

74 2795 385 2905 wantiam
410 2815 456 2882 ad
482 2836 590 2882 anum
615 2814 785 2883 formans.
812 2837 847 2902 g.
873 2813 1048 2902 genitalia
1074 2816 1281 2882 interna'et
1308 2817 1427 2881 vesica
1450 2813 1690 2885 descendens.

144 2950 253 3033 γῆς.
292 2956 330 3006 a.
355 2936 470 3005 lactes
496 2955 544 3004 ex
572 2941 671 3027 pisce
696 2935 857 3005 masculo
885 2936 1086 3030 singulares
1113 2933 1269 3005 inflatae.

145 3073 253 3155 Εἰς.
288 3055 326 3129 3
354 3058 534 3126 Genitalis
561 3063 704 3127 interna
740 3059 932 3127 foeminina
965 3078 1047 3124 cum
1082 3063 1204 3125 vesica
1238 3062 1398 3126 exemta.
1459 3060 1500 3123 In
1524 3056 1676 3126 tabulae
1701 3035 1832 3125 Xlitt'se

73 3201 241 3289 ἦρι»,
276 3182 400 3272 prima
426 3179 524 3247 solus
542 3180 841 3270 u)ventriculus
868 3181 914 3246 ad
938 3178 1100 3247 cordiam
1126 3182 1324 3267 perscissus
1350 3179 1385 3266 ο)
1422 3183 1464 3246 ut
1488 3198 1599 3265 rugae
1625 3177 1693 3262 c)
1683 3201 1720 3245 m
1746 3200 1833 3246 con·

73 3317 308 3414 ,pectunt
337 3305 503 3387 veniant,
535 3324 618 3372 cum
640 3305 673 3388 j)
699 3307 955 3369 intestinorum
982 3306 1101 3367 tractu
1129 3320 1176 3365 ex
1201 3296 1376 3365 Wachnia
1402 3297 1680 3386 macrocepbala
1706 3318 1833 3365 exem

68 3455 157 3520 ω
196 3426 431 3501 delineatur
454 3431 522 3493 est.
588 3423 821 3550 Mylome,
862 3419 909 3517 ee)
935 3424 1169 3516 ejusdemque
1202 3418 1420 3508 appendices
1447 3420 1480 3507 e)
1507 3415 1689 3485 fasciculis
1711 3418 1830 3487 tribus

63 3554 351 3655 dispositae.
412 3547 450 3634 g)
476 3550 689 3615 intestinum
715 3513 936 3635 scalpelio'
928 3549 1098 3625 incisum,
1137 3548 1179 3608 ut
1207 3539 1405 3607 multorum
1431 3536 1586 3605 millium
1613 3538 1831 3609 Ascaridum

64 3711 130 3767 ,ς
166 3663 593 3756 Echinorhynchorum
618 3669 790 3737 intestina
816 3669 917 3756 quasi
942 3666 1172 3757 implentium
1197 3659 1403 3731 naturalem
1430 3663 1542 3729 situm
1566 3667 1721 3729 cernere
1743 3680 1829 3750 pos-

66 3818 155 3888 ὼ.
236 3794 292 3882 h)
320 3791 488 3856 intestini
513 3793 624 3857 crassi
650 3794 786 3881 portlo.

132 3933 244 4014 fig,
289 3930 328 3981 2.
356 3909 546 3978 Ascarides
575 3916 671 3980 inter
696 3933 737 3979 se
760 3910 977 3980 convolutae
1003 3907 1162 3978 naturali
1189 3901 1435 3994 magnitudine
1462 3902 1680 3972 delineatae.

129 4055 242 4138 fig.
282 4031 325 4104 3.
355 4033 521 4121 Singulae
546 4034 734 4130 paululum
760 4041 901 4101 auctae.
955 4032 996 4124 5)
1022 4023 1307 4121 echinoryndhus
1341 4029 1533 4094 coccineus
1566 4021 1740 4113 singulari
1765 4038 1830 4093 ve·

355 4153 471 4223 sicula
495 4176 538 4224 ac
564 4154 699 4246 papula
725 4159 924 4225 instructus

131 4294 177 4372 6
212 4291 269 4356 et
303 4275 350 4374 7)
374 4274 656 4367 Echynorynchi
681 4277 914 4346 rubescentes
939 4276 1004 4345 sed
1029 4274 1253 4343 candidiores
1280 4268 1438 4339 naturali
1461 4265 1708 4357 magnitudine
1789 4252 1796 4265 ⁰
1839 4261 1844 4269 ’

295 4395 346 4491 4)
373 4396 669 4488 Echinorynchus
695 4400 931 4491 ejusdemque
963 4404 1122 4466 rostrum
1158 4394 1294 4463 aculeis
1320 4393 1524 4463 recurvatis
1549 4395 1731 4457 armatum
1754 4386 1830 4492 ¹¹¹³?
1841 4438 1843 4443 .

361 4524 554 4611 croscopio
580 4507 741 4591 auctdm.
1838 4598 1841 4605 ,

92 4668 151 4747 g,
171 4680 227 4757 9,
254 4645 333 4737 ιο)
359 4641 543 4712 Fasciolae
568 4643 734 4711 diversae
758 4643 1015 4734 magnitudinis
1047 4647 1086 4711 et
1118 4644 1322 4710 structurae
1354 4637 1453 4707 vario
1480 4637 1553 4704 situ
1577 4630 1736 4704 naturali
1759 4629 1827 4700 sub

362 4768 603 4860 microscopio
629 4768 751 4858 pictae

1409 4875 1431 4918 Ο
