4404 5902
920 383 1070 434 Ξ
1243 390 1245 394 ’
1781 384 1805 464 5
1817 383 1837 444 Ι

133 585 285 674 cando
310 579 451 669 subito
480 581 723 687 adtenuata,
776 578 938 686 brevis,
996 579 1196 697 (septima
1224 579 1405 678 circiter¹
1420 578 1699 697 longitudinis
1725 591 1836 701 pars)

133 737 371 823 terminata
398 764 599 821 mucrone
626 763 817 850 gemmae
846 757 992 819 acutae
1022 732 1180 819 arboris
1208 734 1353 820 simili.
1399 737 1502 821 Tela
1533 732 1679 820 inore
1710 739 1838 822 modo

135 887 381 1005 simplicia,
412 885 543 970 rarius
570 887 808 1003 duplicata,
838 922 860 971 n
889 886 1096 971 linearum
1124 887 1391 1002 longitudine
1421 910 1465 972 et
1493 896 1671 1004 pectines
1700 885 1835 1002 palati

139 1039 317 1154 longius
345 1038 523 1123 dentati.
578 1043 742 1156 Corpus
766 1071 893 1154 sup-ra
917 1038 1205 1126 cinerasoente
1234 1039 1425 1127 albidum
1452 1042 1522 1126 rel
1548 1071 1727 1138 canum;
1768 1071 1836 1125 ca·

138 1212 224 1310 put
251 1194 522 1306 subgryseum
550 1192 715 1276 macula
742 1222 911 1306 magna,
940 1197 1113 1280 cordato
1129 1244 1142 1257 ·
1159 1194 1365 1307 repanda,
1394 1194 1677 1298 luscescente,
1706 1190 1837 1278 binis·

139 1343 308 1460 quein
335 1343 502 1430 cervice
529 1343 743 1458 oblongis,
774 1343 1113 1457 divergentibus3
1140 1345 1281 1453 fascia
1309 1344 1519 1458 nigricans
1546 1346 1731 1431 lateralis
1763 1376 1836 1461 po·

139 1525 203 1581 ne
234 1495 392 1580 oculos.
434 1503 514 1580 Per
539 1518 672 1581 totam
699 1495 885 1612 corporis
914 1486 1233 1608 longitudinem
1252 1496 1520 1581 continuatur
1536 1502 1678 1609 fascio
1706 1501 1833 1603 fusca,

140 1649 310 1733 alterne
339 1647 519 1752 sinuata,
578 1649 648 1732 rel
674 1647 793 1762 quasi
822 1678 845 1732 e
875 1648 1050 1732 maculis
1079 1648 1239 1732 alterne
1268 1649 1613 1754 cohaerentibus,
1651 1681 1743 1736 raro
1770 1648 1834 1733 in·

129 1822 355 1915 terrupte,
384 1799 631 1916 composita,
661 1823 705 1887 et
731 1830 807 1915 per
835 1800 968 1883 latera
990 1799 1121 1884 ⁴series
1148 1801 1405 1885 macularum
1432 1803 1642 1889 minorum
1667 1801 1833 1887 orbicu-

134 1951 315 2038 larium
379 1957 586 2066 Squamae
613 1953 741 2039 scutis
768 1951 986 2068 proximae
1014 1953 1259 2066 plerumque
1296 1954 1449 2040 fuscae.
1515 1955 1668 2039 Subtus
1696 1956 1833 2039 fuscus

130 2105 219 2190 vel
247 2103 385 2190 luride
414 2106 544 2210 albus,
570 2108 888 2192 coerulescente
921 2103 1168 2218 variegatus,
1200 2105 1269 2188 vel
1301 2087 1497 2220 pallidus,
1529 2105 1677 2193 atomis
1706 2105 1833 2193 fuscis

128 2257 357 2344 irroratus.
425 2261 552 2344 Scuta
587 2258 877 2344 abdominalia
915 2257 962 2342 in
996 2256 1331 2342 occidentalibus
1359 2261 1609 2374 plerumque
1645 2277 1732 2365 144.
1761 2258 1833 2344 vel

142 2424 243 2515 146.
284 2440 478 2524 squamae
517 2411 789 2496 subcaudales
819 2425 886 2497 26.
912 2463 967 2478 -
997 2424 1062 2514 34.
1091 2462 1149 2478 -
1178 2425 1244 2496 36.
1276 2432 1318 2494 at
1343 2409 1391 2495 in
1428 2410 1631 2518 sibiricis,
1688 2409 1830 2528 specie

131 2585 290 2645 tamen
317 2561 392 2647 vix
421 2561 746 2676 distinguendis,
801 2564 923 2680 plura
964 2585 1105 2668 scuta,
1163 2585 1206 2647 at
1243 2593 1438 2678 squamas
1472 2567 1626 2650 eodem
1654 2592 1831 2650 numero

130 2709 433 2827 deprehendo
491 2715 731 2832 Longitudo
764 2727 810 2800 ι’.
840 2715 899 2824 9’.
923 2716 996 2839 ⁴7''.
1023 2720 1184 2802 candae
1214 2716 1274 2800 2⁰.
1303 2718 1375 2829 7'‘'.
1403 2715 1555 2834 capitis
1580 2723 1653 2828 9“'.

584 2960 673 3063 49.
748 2894 1080 3057 ,VIP'ERA
1152 2945 1389 3049 Proster,

278 3177 335 3258 V.
362 3193 454 3259 tota
483 3195 588 3279 atra,
619 3173 753 3258 cauda
780 3173 923 3255 subtus
952 3171 1068 3254 fulvo
1095 3170 1322 3284 variegata.

360 3325 522 3442 Vipera
549 3321 716 3439 anglica
743 3320 885 3437 nigra,
927 3324 1097 3408 Petiver.
1125 3353 1228 3406 mus.
1253 3357 1297 3438 p.
1335 3356 1396 3433 17·
1425 3354 1467 3408 n.
1500 3342 1593 3432 ¹⁰4·
1636 3329 1828 3414 Laureae.

417 3511 490 3564 am
519 3483 556 3563 h.
616 3539 628 3562 .
685 3489 724 3562 8.

362 3513 551 3720 Cululier
578 3511 763 3730 lireiter,
818 3632 913 3713 Lin.
937 3647 1048 3741 syst.
1076 3630 1173 3713 XII.
1202 3632 1294 3744 tp
1342 3663 1457 3738 1091.
1497 3632 1670 3748 Lepecb.
1698 3640 1743 3719 it.
1770 3636 1829 3719 Π.

421 3819 462 3900 p.
498 3800 587 3874 105·

283 3945 334 4023 ln
360 3935 672 4054 frigidioribus,
727 3932 975 4052 praesertim
1015 3930 1269 4036 nemorosis,
1324 3933 1495 4021 subudis
1535 3957 1580 4020 et
1615 3935 1829 4024 suffocatis

126 4090 317 4180 Bossiae
344 4115 389 4177 et
415 4090 626 4177 citerioris
655 4088 836 4175 Sibiriae
866 4118 952 4174 non
979 4086 1243 4201 infrequens,
1298 4118 1438 4174 morsu
1467 4117 1522 4173 ex
1549 4087 1829 4205 plurimorum
1962 4160 1965 4164 .

130 4243 350 4334 relatione
394 4245 621 4330 admodum
659 4241 849 4329 nocivus.
938 4242 1131 4326 Maxime
1170 4242 1367 4357 frequens
1407 4245 1461 4327 ad
1501 4244 1660 4328 Occam
1702 4242 1744 4326 fl.
1786 4265 1831 4329 et

127 4396 266 4517 plebi
303 4398 413 4482 bene
457 4419 570 4483 nota.
655 4396 797 4482 Etiam
836 4395 883 4480 in
922 4395 1110 4479 Davuria
1138 4395 1378 4483 observavit
1416 4395 1828 4503 Messcrscbmid,

128 4546 230 4639 nisi
255 4548 397 4665 potius
424 4572 686 4666 sequentem.

281 4705 461 4790 Descr.
491 4708 628 4818 Caput
656 4701 810 4789 leviter
835 4708 1083 4807 buccarum,
1113 4700 1294 4817 squamis
1323 4699 1554 4787 minoribus
1583 4701 1829 4816 ferensque

128 4859 196 4946 ad
223 4856 372 4945 oculos
400 4879 563 4946 tectum
589 4880 724 4945 rostro
753 4878 973 4974 tetragono
999 4859 1166 4946 obtuso.
1234 4855 1364 4943 Irides
1389 4855 1544 4943 fulvae.
1617 4856 1720 4944 Tela
1746 4850 1831 4942 oris

1357 5021 1378 5062 ῢ
