4404 5902
855 349 1006 406 ²¹¹⁹·
1693 349 1778 434 193

69 542 485 623 resimarectilinearis.
526 548 637 618 Piscis
659 551 737 618 ovis
760 555 885 641 turget
911 571 992 642 sero
1007 556 1196 636 autumno,
1223 552 1342 645 primo
1355 575 1441 626 vere
1455 576 1603 631 vacuus.
1632 559 1782 634 cirrhos

76 678 217 743 unicus
244 672 310 740 sub
337 682 460 740 mento
488 691 510 740 a
538 672 652 739 lineas
678 672 828 758 longus,
869 673 915 739 ad
942 672 1037 741 hunc
1064 673 1224 741 cirrhum
1251 676 1372 747 sulcus
1398 683 1435 746 in
1463 690 1588 749 mento
1616 701 1637 750 2
1665 682 1779 755 lineas

76 794 217 886 longus
243 799 413 864 cernitur.
478 795 688 861 Membrana
721 792 999 884 branchiostega
1027 818 1051 892 7
1078 793 1234 863 ossicula
1259 799 1410 887 gracilia
1435 809 1599 871 continet
1625 811 1664 871 et
1690 813 1780 873 ster-

77 937 171 984 num
199 917 315 984 veluti
342 915 537 983 amiculum
565 917 689 984 ambit.
742 916 849 982 Labia
874 922 1062 1007 superiora
1088 921 1281 1006 geminata.
1335 923 1568 1011 Appendices
1599 925 1780 994 fraenales

77 1039 204 1106 lorma
229 1037 324 1105 clavi
351 1043 446 1106 intra
474 1037 580 1107 labia.
633 1038 781 1104 labium
807 1046 882 1104 tam
910 1044 1099 1129 superius,
1141 1059 1249 1128 quam
1275 1043 1423 1110 inferius
1450 1045 1615 1112 ossiculis
1643 1045 1780 1114 scabris

69 1159 319 1228 denticulatis
345 1164 501 1229 arcuatis
528 1166 667 1227 armata
693 1168 788 1227 sunt.
845 1161 924 1227 Alia
953 1163 1025 1227 duo
1053 1162 1209 1228 ossicula
1234 1163 1462 1233 denticulata
1489 1166 1615 1255 palato
1642 1170 1780 1237 insuutr

73 1279 140 1348 lris
165 1279 241 1375 alia
266 1281 337 1349 duo
362 1282 587 1350 subrutuuda
615 1285 651 1347 in
677 1281 841 1348 iaucibus
867 1282 1041 1366 subjecta.
1095 1282 1246 1350 Maxilla
1272 1291 1437 1374 superior
1461 1286 1632 1375 longior,
1661 1292 1697 1356 in
1725 1294 1779 1356 in-

70 1403 209 1472 feriori
235 1413 370 1493 puncta
396 1408 544 1472 circiter
569 1423 592 1493 9
619 1407 796 1492 impressa
822 1412 1029 1471 cernuntur.
1083 1404 1189 1473 Oculi
1217 1406 1529 1496 periophthulmio
1555 1415 1668 1477 tecti:
1715 1414 1779 1478 iris

72 1523 160 1595 lata
185 1545 296 1593 aurea
322 1525 505 1616 punctulis
530 1529 639 1613 nigris
666 1544 874 1614 conspersa.
927 1526 998 1592 Sub
1025 1524 1121 1593 linea
1147 1524 1317 1612 laterali,
1360 1536 1537 1617 quatenus
1564 1539 1666 1599 recta
1692 1554 1780 1622 pro-

74 1647 195 1733 cedit,
225 1648 289 1714 sub
316 1655 399 1716 cute
426 1645 581 1716 ossicula
605 1651 726 1739 jacent
753 1653 790 1713 et
817 1647 882 1712 sub
910 1650 1040 1737 quovis
1068 1645 1226 1714 ossiculo
1252 1669 1399 1732 nervus,
1427 1651 1491 1717 ubi
1515 1657 1660 1719 curvari
1686 1657 1777 1721 iuci-

73 1775 157 1862 pit,
185 1769 346 1837 ossicula
371 1770 552 1836 desinunt.
605 1769 773 1838 Ossicula
799 1767 889 1835 haec
915 1769 1138 1856 respondent
1164 1769 1236 1836 illis
1264 1769 1488 1859 salmonum,
1529 1773 1781 1859 musculorum

75 1890 327 1961 vibrationem
350 1891 582 1987 jurantibus,
621 1889 718 1957 linea
750 1894 786 1954 in
820 1894 899 1978 ipso
932 1893 1130 1957 interstitio
1168 1891 1416 1959 musculorum
1450 1898 1615 1985 quamvis
1651 1915 1776 1962 curva.

81 2011 282 2083 vertebras
309 2009 419 2080 habet
445 2011 493 2083 62
520 2021 559 2080 et
585 2017 730 2079 unicum
755 2010 951 2079 ossiculum
979 2009 1141 2097 caudae,
1186 2015 1222 2077 in
1258 2011 1459 2103 aliopisce
1485 2015 1533 2084 60
1562 2024 1668 2086 erant
1694 2037 1777 2084 ver·

82 2133 220 2204 tebrae.
274 2136 476 2231 vertebrae
500 2133 691 2221 singularis
719 2141 924 2203 structurae
951 2137 1047 2216 sunt,
1076 2138 1151 2199 tres
1177 2138 1380 2202 anteriores
1407 2157 1515 2203 unam
1541 2135 1664 2206 saltim
1686 2158 1776 2226 apo-

70 2253 215 2351 physin
252 2276 377 2323 versus
409 2254 558 2334 dorsum
592 2263 850 2344 exporrectum
881 2252 1044 2337 habent,
1082 2273 1102 2319 a
1136 2263 1269 2344 quarta
1303 2255 1349 2321 ad
1385 2260 1596 2345 vigesimam
1628 2263 1778 2333 tertiana

67 2398 208 2449 omnes
234 2384 309 2445 ires
334 2376 543 2471 apophyses
568 2375 719 2462 habent,
747 2380 920 2464 vigesima
946 2382 1088 2464 quarta,
1121 2380 1262 2464 quinta,
1290 2384 1396 2447 sexta
1423 2385 1461 2448 et
1488 2384 1644 2470 septima
1655 2383 1777 2448 verte·

65 2483 145 2569 bra
173 2503 356 2589 geminata
381 2519 538 2589 corpora
562 2497 712 2584 habent,
740 2519 851 2564 unum
875 2517 1001 2563 verum
1026 2502 1265 2589 perexiguum
1291 2498 1438 2597 reliquis
1460 2501 1591 2587 simile,
1618 2499 1778 2600 alterum¹

67 2623 246 2714 spurium
273 2619 560 2710 amplissimum,
601 2641 691 2688 vero
718 2618 922 2711 quadruplo
949 2618 1060 2687 latius
1087 2641 1129 2686 ac
1157 2623 1312 2709 primum
1340 2620 1548 2689 vertebram
1573 2620 1691 2688 forma
1717 2640 1776 2688 re·

67 2743 176 2814 fert:
202 2761 226 2808 a
251 2746 425 2831 vigesima
451 2742 631 2811 sexta'ad
657 2744 990 2833 quinquagesimam
1017 2746 1211 2830 septimam
1239 2763 1365 2810 omnes
1392 2742 1461 2811 sibi
1486 2741 1621 2812 similes
1647 2762 1774 2831 nurne-

64 2886 119 2937 το
147 2860 217 2941 31.
244 2862 519 2955 quadragesima
545 2885 640 2933 nona
667 2864 755 2930 duas
780 2860 894 2951 triplo
921 2859 1070 2929 latiores
1097 2861 1303 2953 apophyses
1329 2864 1484 2932 obtinet.
1543 2867 1777 2954 sexagesima

65 2995 117 3059 et
143 2991 375 3076 sexagesima
400 2989 518 3075 prima
543 2986 616 3054 duo
643 2983 782 3056 caudae
808 2979 965 3049 ossicula
993 2992 1077 3052 sunt
1103 3006 1175 3052 non
1200 2988 1382 3078 geminata
1408 2984 1473 3052 sed
1500 2983 1694 3074 simplicia,
1721 2989 1774 3060 ita

69 3114 148 3185 sibi
172 3115 317 3204 juncta,
341 3115 383 3178 ut
408 3129 518 3174 unum
544 3111 710 3198 superius
736 3104 893 3174 alterum
919 3104 1066 3171 inlerius
1095 3109 1143 3173 sit
1168 3103 1267 3192 quod
1294 3108 1390 3173 lorte
1415 3109 1452 3169 in
1475 3105 1642 3172 omnibus
1666 3107 1777 3194 pisci·

10 3288 16 3301 .
67 3235 148 3305 bna
176 3232 336 3316 obtinet,
364 3229 495 3319 quibus
520 3230 636 3299 cauda
661 3224 868 3296 musculosa
894 3220 1113 3308 acuminata,
1140 3228 1242 3291 utin
1268 3223 1450 3315 anguillis.
1494 3230 1561 3294 liic
1587 3225 1775 3292 vertebra·

66 3376 161 3426 rum
188 3373 359 3420 numerus
385 3356 422 3418 in
448 3352 614 3420 diversae
640 3347 895 3438 magnitudinis
922 3353 960 3414 et
984 3345 1058 3414 loci
1085 3346 1244 3437 piscibus
1272 3348 1584 3413 constantissimus
1605 3352 1774 3434 repertus
1824 3336 1831 3347 ”

61 3483 148 3548 ut.
203 3476 373 3544 Granium
398 3473 445 3540 ad
470 3472 627 3542 nucham
653 3475 690 3538 in
715 3474 831 3538 aciem
857 3473 1022 3556 assurgit.
1088 3465 1245 3557 Lapillos
1272 3466 1363 3533 duos
1390 3468 1427 3531 in
1453 3470 1576 3534 cranio
1604 3472 1773 3534 crenatoa

68 3596 196 3667 babet
220 3616 368 3684 prorsus
392 3594 504 3679 tales,
531 3593 657 3684 quales
682 3596 720 3658 in
734 3591 886 3662 Gabliau
905 3590 1108 3677 Belgarum.
1160 3592 1292 3654 Pinnae
1320 3587 1487 3655 dorsales
1515 3594 1552 3656 et
1578 3587 1771 3678 postbrau·

67 3717 221 3793 ehi-ies
246 3722 392 3786 cinereo
418 3715 541 3785 fuscae
567 3721 678 3807 sunt,
704 3713 914 3781 membrana
939 3714 1158 3798 conjungens
1185 3707 1423 3776 crassiuscula
1450 3711 1560 3797 nigris
1589 3705 1773 3800 punctulis

10 3852 14 3925 ξ
63 3842 266 3933 ιὼροτεα.
318 3843 452 3907 Pinnae
476 3837 661 3907 ventrales
686 3843 726 3905 at
751 3841 881 3901 venter
908 3855 956 3900 ex
982 3832 1067 3899 albo
1096 3829 1215 3900 vitelli
1242 3834 1357 3898 instar
1384 3828 1613 3916 flavescunt,
1654 3832 1691 3895 in
1714 3832 1770 3919 ju·

10 3938 17 4015 ·⁵
65 3963 243 4037 moribus
268 3959 469 4030 albescunt.
522 3962 655 4024 Pinnae
682 3956 782 4024 dorsi
807 3963 845 4023 et
871 3959 1006 4023 veniris
1031 3952 1273 4042 triangulares
1300 3958 1405 4035 sunt,
1432 3949 1612 4018 secundae
1638 3953 1772 4045 pinnae

61 4086 181 4157 dorsi
207 4082 435 4152 exadverso
461 4084 532 4149 sita
556 4085 615 4148 est
640 4082 750 4168 pinna
777 4081 894 4166 prima
921 4083 1007 4165 post
1032 4096 1166 4158 anum,
1193 4077 1325 4142 tertiae
1352 4072 1452 4140 dorsi
1478 4070 1636 4139 secunda
1662 4073 1772 4158 pinna

66 4213 315 4304 postauam,
343 4209 482 4294 primae
508 4200 607 4269 dorsi
633 4203 766 4290 pinnae
790 4198 892 4265 radio
920 4198 1050 4265 ultimo
1074 4216 1122 4287 ex
1150 4196 1303 4265 adverso
1330 4214 1420 4263 anus
1445 4199 1536 4263 situs
1560 4198 1630 4262 est·
1682 4194 1771 4262 Tres

57 4326 271 4425 'canales
296 4325 540 4394 dimensiones
565 4322 730 4390 obtinet:
757 4320 934 4388 dimensio
960 4328 1092 4409 nempe

119 4456 195 4520 lm
222 4448 270 4518 ab
295 4451 401 4537 apice
425 4449 537 4516 rostri
562 4442 609 4512 ad
636 4446 777 4512 initium
804 4448 934 4532 pinnae
960 4441 1113 4512 dorsalis

115 4570 200 4641 {Ida
226 4568 273 4636 ab
299 4573 407 4638 initio
433 4573 572 4660 primae
599 4567 730 4656 pinnae
756 4563 909 4632 dorsalis
936 4563 983 4631 ad
1010 4563 1119 4630 finem
1146 4559 1323 4630 secundae

115 4693 227 4764 {litis
253 4711 275 4758 a
302 4691 374 4758 line
400 4688 580 4757 secundae
607 4689 738 4776 pinnae
773 4685 928 4755 dorsalis
966 4685 1013 4755 ad
1053 4684 1165 4753 finem
1200 4703 1315 4774 usque
1353 4678 1495 4752 caudae
1524 4674 1772 4771 muserdaaae,

258 4816 371 4904 pinna
395 4832 468 4881 non
492 4815 715 4902 computata.
