4404 5902
1038 311 1183 364 -.......-·
1866 283 1960 391 415

407 505 578 626 Species
620 510 671 595 'ab
700 507 856 595 Albula
898 506 1181 596 diversissima
1228 504 1398 623 copiose
1443 505 1607 621 capitur
1645 507 1692 593 in
1733 505 1962 592 borealiori
2059 522 2063 534 “

258 662 458 754 leniseae
487 665 633 765 alveo,
678 661 724 746 in
754 669 895 764 Lena,
939 664 983 745 in
1010 663 1235 774 Tunguslra
1272 691 1401 776 usqne
1439 663 1491 745 ad
1520 660 1793 774 Rybinskoe,
1833 682 1882 753 et,
1914 660 1962 744 in

261 814 486 927 Chatanga
516 812 673 898 dicitur
699 822 752 897 ad
784 813 970 928 quinque
998 813 1202 928 pollicum
1231 813 1544 924 longitudinem
1573 812 1831 896 excrescere.
1888 815 1959 906 Ab

260 966 451 1056 Ostiacis
478 965 956 1081 copiose'comeduntur
982 989 1027 1048 et
1054 963 1099 1048 in
1129 965 1297 1049 deliciis
1327 963 1550 1048 habentur.
1581 963 1799 1047 lnSibiria
1829 964 1958 1076 vulgo

264 1116 439 1220 siccati,
495 1122 571 1204 sub
599 1114 727 1202 titulo
758 1119 922 1230 Tuguni
947 1120 1198 1228 leniseislaye
1234 1116 1522 1200 divenduntur
1549 1138 1592 1200 et
1621 1115 1731 1201 inter
1760 1115 1960 1230 cupediae

265 1291 533 1388 apponuntur
557 1301 634 1385 pro
662 1269 888 1355 excitanda
917 1269 1004 1354 siti.

403 1426 596 1508 Descr.
653 1420 838 1535 Digitali
867 1451 958 1505 raro
987 1430 1142 1532 major,
1185 1426 1259 1509 sed
1298 1427 1450 1534 dantur
1486 1425 1539 1508 ad
1576 1444 1775 1508 staturam
1806 1435 1901 1509 Set
1931 1436 1984 1510 6¹

262 1574 487 1696 pollicum.
542 1578 722 1678 Forma,
764 1575 905 1659 colore
939 1596 984 1658 et
1018 1573 1309 1690 magnitudine
1338 1578 1528 1691 Cypr'mo
1557 1576 1762 1660 leuciaco
1790 1577 1958 1678 similis,

266 1758 444 1846 quorum
472 1747 515 1810 et
542 1725 781 1840 promiscue
808 1725 997 1839 capitum
1038 1733 1173 1812 Dorso
1203 1730 1340 1814 minus
1369 1756 1597 1829 convexo,
1631 1757 1756 1841 quam
1783 1729 1955 1833 Albula,

235 1910 238 1917 ·
266 1878 357 1967 imo
386 1877 567 1964 rectiore
604 1909 731 1993 quam
769 1881 992 1962 abdomen.
1052 1882 1189 1992 Caput
1225 1910 1404 1994 corpore
1438 1878 1743 1992 compressius,
1783 1909 1908 1992 supra
1935 1910 1963 1962 a

264 2030 406 2119 nucha
437 2034 488 2115 ad
519 2052 697 2115 rostrum
727 2031 880 2144 angulo
914 2026 1214 2143 longitudinali
1248 2032 1440 2125 obsoleto
1481 2028 1741 2130 carinarum
1784 2053 1959 2115 rostrum

271 2182 460 2271 breviter
488 2183 711 2284 conicum,
751 2181 1110 2285 obtusiusculum‚
1151 2183 1327 2266 maxilla
1361 2179 1561 2264 inferiore
1596 2181 1724 2296 paulo
1753 2179 1959 2295 longiore,

268 2357 446 2445 utraque
477 2334 688 2419 edentula.
744 2334 868 2419 Oculi
896 2335 1064 2447 magni,
1110 2339 1212 2420 iride
1240 2334 1732 2449 argenteo-flavescente
1746 2394 1760 2432 ,
1793 2333 1960 2449 pupilla

266 2487 410 2573 notice
435 2485 593 2599 insigni
622 2486 776 2598 angulo
802 2487 957 2571 excisa.
1025 2488 1230 2600 Opercula
1270 2488 1516 2587 rotundata,
1562 2482 1719 2597 planen
1770 2487 1960 2575 flabella

266 2638 522 2737 bruncbioba
549 2659 712 2721 tanturn
741 2639 1118 2751 quadrilamellata.
1176 2643 1336 2752 Corpus
1370 2635 1580 2751 squamis,
1622 2659 1670 2720 ut
1707 2636 1755 2721 in
1782 2639 1955 2743 Albula,
2053 2717 2054 2720 .

264 2792 481 2890 tenuibus,
513 2789 744 2901 argenteis3
774 2794 942 2878 dorsum
970 2794 1232 2892 luscescens3
1261 2791 1393 2874 Linea
1419 2788 1604 2873 lateralis
1628 2791 1753 2876 dorso
1769 2789 1956 2907 propior,

268 2944 324 3046 ad
365 2961 491 3056 caput
528 2943 604 3025 vix
644 2946 911 3029 adscendens.
983 2947 1113 3028 Pinna
1151 2947 1265 3030 dorsi
1306 2942 1594 3046 cinerescens,
1635 2944 1847 3029 radiorum
1881 2980 1955 3040 123

236 3095 447 3217 'adiposa
489 3118 633 3197 acuta,
690 3097 815 3180 dorso
855 3097 1079 3213 applicata.
1146 3098 1193 3179 Ρ.
1238 3100 1463 3206 pectorales
1509 3095 1597 3178 rad.
1645 3113 1705 3198 ¹4·
1759 3102 1960 3180 ventroles

265 3249 359 3349 rad.
395 3279 458 3329 ro.
501 3249 773 3360 appendicula
801 3247 995 3362 ‘stipatrix
1023 3246 1187 3349 tenuis,
1231 3266 1380 3345 acuta,
1420 3243 1621 3358 {pinnae
1656 3274 1852 3355 aequans.
1909 3248 1958 3334 P.

270 3407 344 3504 api
377 3418 424 3502 ¹4
451 3400 662 3482 radiorum
690 3423 855 3511 praeter
881 3401 1025 3484 fulcra.
1066 3397 1211 3484 Coudo
1239 3397 1446 3511 profunde
1473 3395 1648 3498 bifurca,
1678 3395 1787 3481 lobis
1815 3400 1958 3484 subae-
2065 3376 2068 3381 .

266 3549 478 3666 qualibus.
538 3553 777 3662 Longitudo
806 3551 850 3633 in
880 3552 1092 3666 descripto
1121 3566 1185 3638 δ”.
1215 3561 1293 3659 7⁰⁴.
1324 3546 1476 3662 capitis
1505 3559 1584 3631 Bm·
1616 3551 1668 3632 ed
1696 3548 1785 3662 pin.
1815 3576 1956 3667 pecto·

260 3701 373 3789 tales
403 3716 479 3788 8'1‘.
517 3699 618 3785 inde
649 3705 700 3786 ad
728 3705 960 3788 ventralem
998 3719 1113 3796 roem.
1152 3703 1253 3788 inde
1284 3704 1336 3786 ad
1366 3734 1409 3818 p.
1439 3696 1511 3782 ani
1539 3708 1633 3788 blm.
1662 3698 1787 3814 hujus
1813 3701 1957 3787 latitu-

259 3856 326 3969 do
357 3869 433 3939 6¹¹¹.
463 3852 566 3938 inde
595 3856 647 3938 ad
676 3850 849 3968 pinnam
876 3858 1035 3940 caudae
1065 3861 1162 3950 ὄψ’.
1192 3856 1350 3940 caudae
1377 3849 1561 3936 laciniae
1588 3865 1669 3961 7⁰¹·
1696 3855 1749 3937 ad
1779 3853 1956 3969 pinnam

257 4004 381 4094 dorsi
418 4027 479 4090 r·'.
511 4019 589 4092 5‘11.
629 4013 717 4118 ejus
745 4006 938 4124 extensio
968 4021 1045 4092 om.
1087 4006 1188 4093 inde
1218 3995 1515 4117 ad'adiposam
1546 4016 1626 4089 Bm.
1667 4035 1800 4118 aqua
1829 4009 1959 4090 distat

258 4155 444 4247 initium
474 4157 548 4272 pin
594 4161 749 4245 caudae
778 4172 858 4245 6¹⁰.
898 4156 1079 4244 latitudo
1106 4182 1280 4246 'summa
1310 4155 1498 4270 corporis
1526 4180 1622 4244 ante
1648 4191 1691 4276 p.
1719 4160 1832 4247 dorsi
1863 4176 1958 4270 73‘1‘.

252 4310 478 4402 crassities
506 4312 580 4394 vix
611 4314 718 4398 ultra
745 4319 825 4420 am.

817 4551 1408 4587 Μ
