4404 5902
408 453 496 539 194
911 412 914 416 ’
1180 440 1327 494 =

499 661 618 728 Prima
646 660 759 750 pinna
790 655 891 725 dorsi
915 650 1106 722 constabat
1130 643 1375 731 ossiculum,
1407 642 1536 713 horum
1562 645 1715 713 tertium
1740 639 1892 733 reliquis
1916 638 2111 713 tantillum

395 782 559 872 longius,
588 781 746 850 secunda
782 781 880 848 dorsi
913 773 956 846 18
983 771 1168 856 ossiculis,
1196 790 1350 860 quorum
1377 765 1576 836 secundum
1602 773 1642 836 et
1664 769 1817 835 tertium
1842 767 1996 854 reliquis
2021 773 2107 834 tan·

275 962 279 969 .
395 904 520 973 tilium
553 903 719 993 longius,
758 903 871 973 tertia
905 899 1005 965 dorsi
1039 914 1086 963 nr
1122 891 1305 980 ossiculis,
1359 911 1514 979 quorum
1548 891 1742 980 septimum
1773 887 1926 980 reliquie
1961 889 2110 982 longine

396 1031 555 1115 primum
581 1032 620 1092 et
648 1024 818 1094 ultimum
848 1041 937 1091 vero
963 1018 1233 1085 brevissimum.

1114 1134 1349 1206 Arruntationes
1382 1135 1590 1204 anatomicnr.

526 1271 565 1333 112
594 1272 694 1356 pisce
719 1264 893 1353 wachnjn
917 1283 982 1330 cor
1009 1258 1296 1351 quadrilaterum
1324 1258 1524 1348 pericardio
1549 1255 1747 1341 inclusum,
1803 1265 1931 1331 nortae
1956 1272 2115 1343 truncus

399 1387 588 1458 vitriolum
614 1388 827 1479 clepsidrae
854 1385 979 1453 refert.
1032 1387 1170 1449 Ductus
1197 1378 1444 1448 cheledochus
1472 1373 1724 1445 subsecundo
1762 1375 1922 1468 hepatis'
1943 1388 2041 1464 lobo
2073 1402 2110 1469 in

323 1582 327 1587 ,
399 1510 521 1579 medio
555 1518 684 1579 ventre
719 1509 890 1598 pylorum
925 1503 1133 1571 immediate
1170 1522 1279 1592 supra
1316 1488 1534 1590 appendices
1574 1498 1672 1568 subit
1697 1505 1736 1566 et
1762 1521 1890 1572 versus
1917 1515 2113 1594 sinistrum

399 1627 497 1698 latus
524 1630 737 1699 extenditur
763 1602 923 1720 ejusdem
950 1625 1207 1713 longitudinis,
1250 1644 1293 1691 ac
1325 1627 1425 1691 cistis
1457 1620 1580 1713 fellea.
1639 1621 1702 1688 Fel
1733 1625 1851 1693 viride
1877 1629 2002 1706 instar
2027 1666 2111 1733 gre·

401 1754 531 1838 minis,
577 1773 642 1840 per
667 1750 903 1841 diaphragma
929 1747 1030 1814 nulls
1064 1767 1156 1813 vena
1187 1748 1224 1810 in
1257 1742 1373 1832 hepar
1402 1743 1542 1827 tendit,
1585 1741 1650 1810 sed
1674 1743 1748 1811 duo
1774 1754 1865 1817 rami
1893 1776 2015 1832 venae
2044 1770 2112 1838 suh

400 1871 610 1961 oesophago
634 1893 760 1939 versus
796 1871 913 1938 latera
949 1874 1149 1937 excurrunt
1186 1874 1225 1934 et
1266 1873 1368 1933 recta
1407 1865 1454 1933 ad
1481 1869 1605 1933 ovaria
1644 1868 1812 1941 tendunt.
1879 1880 1938 1947 Ex
1970 1883 2111 1979 hepate
2189 1978 2192 1983 Ι

403 1993 481 2059 sola
509 2014 601 2060 vena
630 2000 758 2082 portae
783 1997 863 2061 exit
889 1999 926 2061 et
952 1988 1211 2079 appendicibus
1239 1987 1387 2077 singulis
1414 1986 1573 2055 ramulos
1601 1997 1855 2064 communicat·
1912 2003 2108 2100 Oenophr.

401 2133 467 2203 gus
492 2119 529 2179 in
555 2116 724 2197 sinistro,
766 2113 916 2202 pylorus
946 2117 981 2177 in
1011 2111 1143 2176 dextro
1169 2109 1286 2177 latere
1312 2130 1453 2176 sursum
1479 2108 1681 2177 reflectitur
1707 2118 1745 2180 et
1769 2117 1806 2183 in
1832 2116 1972 2194 dextro
2000 2131 2109 2205 deor.

398 2254 479 2302 sum
505 2254 542 2303 et
568 2256 690 2302 rursus
717 2256 857 2301 sursum
883 2235 1111 2313 reflectitur3
1150 2231 1277 2298 ultima
1302 2234 1382 2298 vice
1410 2233 1610 2297 sentenia
1636 2232 1835 2305 rellexione
1860 2252 1967 2314 recta
1994 2252 2105 2328 deor.

402 2375 481 2423 sum
507 2354 554 2421 ad
579 2341 843 2422 anum'tendit.
908 2356 1084 2420 intestina
1115 2357 1332 2420 mesenterio
1366 2358 1519 2440 angusto
1552 2351 1768 2447 affiguntur,
1814 2363 1851 2426 in
1876 2370 1995 2440 tertia
2023 2390 2112 2455 vm
2164 2370 2180 2421 ·'

403 2477 607 2544 reflexione
640 2480 896 2544 manenterium
936 2477 1060 2542 ovaria
1098 2474 1269 2562 affigitur.
1332 2478 1415 2540 bien
1452 2472 1652 2541 brunnaum
1691 2477 1889 2570 oblongum
1916 2497 2109 2583 trigonum
2157 2528 2168 2551 .

390 2598 667 2687 ·eequilaterurn
695 2604 733 2664 et
760 2600 940 2693 utrimque
967 2599 1211 2662 acuminatum
1246 2598 1464 2663 mesenterio
1491 2616 1600 2684 supra
1626 2603 1750 2668 ovarin
1776 2610 1814 2672 et
1841 2607 1940 2679 infra
1969 2628 2110 2693 ventri.

401 2719 525 2788 culum
562 2717 735 2805 affigitur.
798 2723 972 2784 Intestina
1011 2716 1154 2806 n-g'ula
1190 2718 1236 2785 ad
1279 2738 1385 2783 anum
1423 2718 1573 2785 eandem
1601 2739 1683 2786 cum
1710 2724 1808 2810 pisce
1833 2724 2108 2821 longitudinem

403 2840 582 2907 obtinent.
647 2839 880 2927 Appendices
913 2836 938 2908 8
969 2839 1083 2904 lineas
1118 2839 1247 2927 longae
1286 2860 1435 2905 numero
1468 2837 1516 2906 62
1549 2841 1646 2907 circa
1685 2842 1854 2930 pylornm
1896 2858 1938 2923 in
1981 2866 2110 2941 orbem
2168 2898 2171 2913 ,

400 2957 592 3044 locantur,
618 2946 758 3027 teretes
786 2968 915 3028 tenues
942 2966 1037 3026 sunt.
1088 2966 1264 3027 Pancreas
1290 2961 1442 3029 nullum.
1495 2962 1627 3028 Ovaria
1642 3009 1653 3047 ,
1680 2960 1764 3033 bina
1789 2980 1988 3069 superius,
2021 2992 2110 3063 infe.

402 3081 477 3146 rius
505 3083 540 3144 in
567 3102 677 3147 unum
704 3101 836 3171 corpus
862 3086 996 3149 coe'unt
1028 3089 1065 3150 et
1097 3083 1218 3149 denuo
1249 3089 1284 3150 in
1320 3083 1409 3149 duos
1443 3081 1532 3149 fines
1558 3081 1805 3156 divaricantur
1828 3101 1988 3173 contens
2018 3114 2108 3186 infr·

402 3219 510 3269 anum
538 3202 704 3269 latentes.
778 3205 910 3272 Vesica
936 3206 1094 3268 urinaria
1120 3212 1158 3270 et
1184 3213 1345 3272 ureteras
1369 3202 1460 3270 infra
1487 3225 1594 3272 anum
1621 3226 1660 3273 se
1686 3225 1905 3287 exonerant.
1978 3234 2109 3307 vegim

400 3326 559 3389 urinaria
575 3342 641 3411 per
666 3329 785 3390 totum
805 3323 953 3389 dorsum
966 3330 1117 3392 extensa
1130 3323 1166 3408 ⁸)
1191 3345 1312 3391 crassa
1338 3324 1520 3409 glutinosa
1546 3300 1791 3400 candida‘sub
1815 3335 2106 3442 diaphragmete
2166 3418 2169 3423 .

400 3442 532 3512 tubulo
570 3447 712 3511 anemio
738 3443 793 3531 *‘)
832 3465 914 3511 cum
952 3445 1160 3534 oesophago
1198 3451 1452 3514 communicat.
1518 3453 1677 3536 superne
1709 3459 1833 3525 vesica
1866 3470 2038 3544 urinaria
2071 3486 2106 3552 iu

402 3563 495 3630 duos
524 3566 613 3631 lines
638 3564 829 3632 tubulosos
856 3572 893 3633 et
918 3571 1126 3654 serpentino
1153 3588 1253 3633 more
1279 3573 1379 3634 varie
1405 3575 1523 3637 tortos
1548 3571 1681 3641 desinit
1705 3574 1816 3647 dorso
1843 3581 1916 3653 illa
1941 3600 1985 3662 et
2012 3606 2107 3673 mi.

399 3682 469 3750 bus
512 3685 731 3751 validissima
765 3686 907 3756 adnata.
974 3689 1088 3755 Cocta
1125 3693 1161 3753 in
1199 3688 1269 3756 hoc
1310 3711 1443 3779 genere
1483 3695 1634 3781 piscium
1671 3695 1795 3782 palato
1838 3705 1958 3781 valde
1985 3728 2102 3809 gran,
2200 3721 2202 3728 '

401 3803 612 3872 Gratissima
639 3826 722 3873 esca
748 3830 813 3897 pro
841 3807 1040 3875 inescandis
1068 3811 1225 3896 piscibus
1251 3812 1306 3878 his
1334 3818 1417 3877 sunt
1444 3812 1706 3902 scolopendrae
1727 3826 1907 3916 marinae,
1936 3847 2109 3919 nerem„

401 3929 442 3991 et
467 3923 630 4023 squillae.
671 3932 817 3998 Pariunt
843 3930 1025 3997 mensibus
1038 3933 1237 4002 Novembri
1261 3943 1299 4003 et
1311 3935 1502 4003 Deccmbri
1528 3934 1793 4025 frequentiores
1821 3953 1864 4018 et
1888 3959 1979 4029 toto
2006 3985 2103 4041 enm

402 4048 598 4135 capiuntur
623 4051 660 4114 in
689 4047 835 4117 sinubus
862 4057 1007 4140 quietis.

975 4175 1176 4249 Tabularum
1200 4178 1318 4251 Tilesh'
1343 4177 1525 4270 explicatio.

505 4289 665 4361 Tabulae
689 4296 822 4364 Xvnre
851 4299 909 4388 fig.
942 4322 973 4368 ι.
1000 4302 1109 4371 otiert
1141 4306 1332 4391 imaginem
1367 4303 1475 4389 piscis
1515 4301 1676 4372 alatere
1703 4308 1793 4394 visi,
1833 4334 1953 4403 qoem
1983 4333 2104 4403 nm,

401 4428 589 4496 grammon
615 4412 740 4485 Stellerr‘
765 4418 1015 4509 denominavi,
1044 4425 1218 4494 Ruthenis
1245 4422 1413 4511 Terpuk,
1438 4415 1592 4493 Pallasslo
1619 4426 1758 4496 Labrax
1782 4445 1937 4526 vocati,
1976 4448 2040 4541 fig,
2072 4478 2105 4529 2
2191 4426 2198 4487 ἶ

402 4538 514 4618 caput
538 4535 698 4620 ejusdem
723 4542 832 4626 piscis
863 4561 926 4610 ore
960 4543 1114 4612 dilatato
1146 4544 1365 4612 dissectum:
1416 4545 1591 4634 opercula
1628 4550 1797 4618 nimirum
1838 4554 2108 4649 brenchisruor

401 4651 577 4740 scalpello
602 4659 674 4720 oris
700 4659 831 4748 angulo
858 4671 1014 4755 utroque
1041 4666 1227 4758 applicato
1259 4666 1409 4736 discissa
1445 4673 1529 4735 eunt
1561 4674 1600 4740 et
1633 4668 1784 4741 maxilla
1808 4676 1973 4757 inferior
2000 4700 2109 4769 recu.

716 4802 1032 4823 c*

448 4834 480 4916 ‘)
503 4839 581 4900 Trb.
606 4843 675 4907 xx.
700 4841 751 4923 lig.
778 4860 808 4911 1,
831 4852 900 4915 Aa,

423 4936 480 5015 ⁰⁸)
501 4945 580 5008 Ταῦ.
602 4949 673 5013 XX.
695 4949 751 5032 hg.
773 4964 803 5017 Ι.
825 4977 873 5020 ce.
