4404 5902
917 348 1092 426 ml
1342 436 1344 443 Ι
1777 341 1836 448 39

187 553 293 643 nanos
327 549 563 669 promiscue
605 549 919 668 approximatae
937 528 971 652 ς’
1018 561 1194 668 pectines
1239 551 1286 638 in
1335 548 1562 641 rhachibus
1603 557 1833 672 longiores,

186 699 495 821 conpressiores,
537 694 787 817 posteriores
815 701 861 785 in
890 702 1053 814 singula
1080 701 1233 788 rhachi
1261 704 1452 788 reclinati
1482 706 1635 822 magis,
1687 735 1733 794 ur
1762 743 1834 827 pe.

186 855 344 942 canatha
372 886 468 939 cum
498 853 667 937 alterius
695 851 923 936 branchiae
951 852 1190 966 pectinibus
1224 856 1507 952 decussantur.
1580 861 1710 946 Series
1744 865 1833 946 bar·

185 1009 340 1091 bularum
370 1005 570 1119 operculo
609 999 785 1086 interius
830 1005 981 1085 adnata
1022 1001 1160 1088 minus
1200 1005 1332 1116 larga,
1390 1036 1516 1119 quam
1550 1008 1596 1092 in
1624 974 1831 1118 sturione,

176 1136 240 1241 aad
261 1153 404 1241 similis
431 1176 526 1238 eta
553 1152 727 1266 reliquis
756 1151 936 1236 Husonis
964 1150 1178 1237 branchiis
1208 1154 1401 1254 diversa;
1457 1156 1656 1264 circulus,
1705 1193 1837 1276 quem

186 1305 288 1420 cingit
312 1303 442 1407 haec,
476 1301 726 1406 latissimus,
769 1306 822 1384 ab
841 1304 1049 1416 operculo
1079 1303 1350 1417 aliquousque
1379 1330 1609 1420 separatus,
1645 1333 1692 1395 ut
1718 1312 1838 1426 eligi.

186 1477 234 1539 tua
254 1456 353 1540 inter
378 1454 503 1538 illurn
525 1476 577 1536 et
615 1454 861 1566 operculum
899 1450 1029 1536 inseri
1068 1476 1206 1567 queat.
1251 1506 1300 1520 -
1346 1458 1504 1569 Corpus
1542 1460 1669 1571 paulo
1698 1461 1829 1576 magis

187 1634 291 1689 rersus
318 1628 444 1720 caput
473 1607 754 1705 adtenuatum,
783 1602 1226 1716 circationgitudinis,
1262 1604 1572 1709 crassissimum,
1601 1607 1749 1694 minus
1768 1643 1828 1696 ar·

187 1777 257 1866 gnte
280 1758 575 1872 pentaedrum,
617 1751 1031 1868 paulo'convexius3
1088 1755 1221 1837 cauda
1250 1784 1348 1839 vero
1376 1755 1576 1840 lateribus
1603 1740 1855 1873 insigniter

188 1908 356 2015 angulata.
403 1957 453 1971 -
496 1909 608 1990 Colli
646 1903 756 1988 ossei
796 1905 979 2001 dorsales
1028 1936 1086 1984 ιο.
1130 1901 1429 1991 evidentiores
1456 1905 1546 1990 acie
1574 1913 1841 2025 rectangulap

187 2049 448 2168 longitudinali
476 2053 673 2158 carinata,
703 2053 814 2138 striis
843 2052 1089 2166 granulatis,
1119 2082 1197 2137 nac
1218 2053 1381 2168 asperis
1410 2054 1584 2154 radiati;
1610 2083 1829 2172 praeterea

186 2219 246 2286 tres
267 2204 469 2308 obsoleti,
498 2203 790 2288 molliusculis
827 2209 938 2290 Calli
965 2211 1155 2288 laterales
1182 2204 1380 2289 continua
1408 2206 1606 2320 utrinque
1634 2209 1741 2295 serie
1759 2230 1828 2319 44.

185 2347 244 2435 tix'
258 2356 467 2442 tuberculo
493 2353 646 2438 lineari
686 2342 988 2467 longitudinali
1029 2351 1276 2467 prominuli‚
1309 2357 1541 2468 ⁴sulcisque
1571 2360 1843 2464 subradiati3.

185 2498 357 2594 Vernatas
395 2505 507 2593 inter
545 2504 694 2620 pinnas
733 2505 967 2620 pectorales
1009 2525 1053 2586 et
1092 2505 1301 2588 ventrales
1338 2502 1385 2588 in
1424 2505 1588 2620 singula
1614 2509 1722 2595 serie
1761 2527 1834 2621 ιο.
1956 2569 1959 2575 ¹

184 2650 239 2733 sub
259 2659 365 2742 corio
392 2659 572 2741 latentes
589 2655 779 2740 'laminae
808 2658 1050 2769 angulatae..
1094 2656 1206 2737 Infra
1245 2654 1393 2771 pinnas
1420 2659 1654 2772 pectorales
1682 2660 1826 2748 carina

182 2791 461 2917 longitudinalis
488 2809 616 2910 nulla,
646 2810 720 2892 sed
748 2806 844 2890 loco
872 2812 960 2916 ejus
977 2782 1119 2912 factes*
1135 2804 1397 2919 triangularis
1427 2836 1548 2910 arcus,
1571 2808 1679 2893 ossei
1707 2810 1836 2897 striis·

181 2957 291 3042 cussis
317 2959 490 3044 radiata.
533 2965 581 3040 In
608 2959 786 3041 laterum
814 2956 1040 3040 dorsalium
1070 2956 1211 3040 medio
1239 2979 1374 3041 tractu
1400 2947 1596 3071 utrinque
1625 2989 1650 3041 a
1676 2936 1817 3047 micha

179 3101 274 3191 series
297 3116 626 3194 cicaaicularam
651 3107 932 3207 stellatarum;
990 3130 1207 3221 praeterea
1235 3105 1349 3191 cutis
1379 3106 1433 3189 ad
1459 3105 1641 3201 nucham
1669 3132 1719 3218 et⁸
1740 3132 1823 3195 tra·

178 3263 243 3339 ctus
264 3259 456 3372 utrinque
484 3254 804 3371 longitudinalis
832 3256 965 3360 dorsi,
1021 3257 1191 3372 punctis
1216 3256 1370 3340 scabris
1384 3256 1549 3369 ,sparsis
1576 3258 1837 3371 subaspera.

177 3409 233 3487 tus.
291 3413 517 3498 Caeterum
542 3429 633 3493 tota
659 3405 767 3493 cutia
793 3411 1084 3493 tantummodo
1112 3405 1238 3497 sulcis
1265 3436 1338 3489 seu
1365 3403 1619 3503 cicatriculis
1645 3405 1822 3497 interru-
1886 3472 1889 3478 -

175 3551 238 3654 ptis
258 3559 521 3646 transversim
546 3558 763 3658 rimulosa,
821 3587 998 3672 quorum
1012 3556 1247 3644 intervalla
1272 3557 1523 3672 plerumque
1549 3554 1662 3673 poris
1691 3557 1824 3646 muci·

176 3694 248 3794 feria
272 3710 489 3825 singularis
516 3730 682 3794 notata:
711 3711 831 3795 Anas
856 3707 904 3794 in
931 3710 1216 3810 fossa-latens,
1246 3708 1468 3792 caruncula
1494 3737 1630 3827 crassa
1654 3736 1828 3817 carnea,

177 3845 296 3948 fossam
336 3863 536 3977 explente
580 3858 879 3973 operculatus..
927 3862 1079 3945 Pinnae
1119 3858 1306 3972 rigidae,
1362 3855 1586 3952 confertim
1619 3857 1821 3962 radiatae,

178 4007 534 4127 abeanilagineae,
561 4012 739 4095 dorsalis
766 4007 1092 4094 anticeacutius
1119 4006 1359 4122 prominens
1387 4037 1512 4120 quam
1540 4007 1585 4089 in
1610 4005 1820 4110 sturione,

177 4157 375 4263 radiorum,
426 4185 593 4278 praeter
619 4160 875 4246 adminicula
885 4203 895 4244 ;,
908 4175 976 4266 48.
1003 4167 1225 4274 pectorales
1252 4158 1502 4269 majusculae
1529 4157 1838 4269 triangulares„

178 4306 354 4400 radiorum
383 4331 450 4402 36.
484 4346 660 4430 quorum
686 4310 846 4426 primus
875 4322 1033 4413 osseus,
1069 4309 1291 4424 triquatcr,
1323 4311 1607 4410 submonemus,
1636 4306 1819 4404 hiulcus,

178 4439 288 4549 intimi
313 4465 506 4568 minimi;
561 4463 824 4550 tuberculum
861 4463 1077 4550 humerale
1113 4457 1555 4575 minimeprominens
1583 4456 1703 4541 acin
1732 4461 1822 4539 Stu-

179 4592 279 4699 llone.
333 4621 544 4703 Ventrales
570 4637 736 4731 praeter
762 4613 924 4729 aliquot
965 4610 1218 4700 adminicula
1260 4614 1347 4697 rad.
1379 4624 1444 4695 25.
1473 4638 1650 4721 quorum
1676 4605 1821 4700 intimi

180 4767 441 4873 ranlosissimi3
493 4767 624 4884 pinna
664 4774 733 4852 ani
774 4768 826 4852 ab
867 4795 947 4851 ano
989 4784 1168 4881 remota,
1224 4763 1312 4854 rad.
1359 4796 1420 4868 19.
1448 4841 1451 4847 .
1477 4760 1625 4853 Gauda
1664 4753 1820 4865 lacinia

1334 4947 1379 4995 m
1471 4967 1473 4970 ’
