4404 5902
1023 386 1175 449 m
1849 366 1932 470 aas

250 612 345 676 tnnc
374 621 399 673 a
427 578 572 671 Ros'sis
600 564 653 672 ad
681 586 996 700 excoquendam
1025 583 1348 700 pinguedinem,
1400 585 1643 675 iinensibus
1668 586 1934 675 vendibilem

252 739 506 834 adhibetur,⁸
548 737 708 825 etenim
735 766 957 821 nauseosus
986 735 1170 839 homini,
1209 769 1263 822 ne
1293 739 1466 854 quidem
1492 771 1517 824 a
1541 739 1657 825 Laris
1686 741 1755 824 vel
1784 737 1934 826 corvis

247 890 474 1006 appetitur.
530 896 581 973 In
607 888 770 1004 magnis
798 910 940 972 autem
967 888 1146 973 cumulis
1175 919 1320 976 omnes
1349 892 1435 974 fere
1464 893 1653 1002 ejusdem
1681 889 1934 1004 magnitudi-

248 1040 308 1126 nis
335 1040 624 1154 reperiuntur,
653 1061 701 1124 ut
727 1038 899 1152 Clupeis
927 1040 1116 1124 solemne
1144 1061 1227 1143 est,
1263 1063 1307 1124 et
1333 1040 1438 1125 licet
1462 1063 1676 1145 recentes,
1706 1042 1936 1127 admodum

248 1213 341 1277 suut
367 1187 520 1276 molles
549 1213 594 1276 et
621 1190 749 1294 fluxi,
778 1188 933 1304 pinnis·
949 1211 994 1273 et
1020 1187 1157 1272 aristis
1180 1188 1375 1294 infirmis,
1414 1213 1459 1275 et
1484 1193 1531 1276 in
1560 1193 1749 1277 oleosum
1775 1191 1933 1306 pingue

249 1345 420 1456 tandem
447 1342 530 1427 toti
556 1341 864 1445 dissolvuntur,
893 1341 1034 1455 ‘quod
1081 1338 1210 1425 etiam
1240 1339 1286 1425 in
1315 1339 1475 1456 Spiritu
1501 1341 1592 1427 vini
1620 1342 1839 1430 asservatis
1866 1371 1936 1432 co·

248 1493 362 1609 piose
388 1490 566 1577 innatat.

384 1646 558 1730 Descr.
603 1646 850 1758 Magnitudo
877 1645 1045 1760 qualem
1073 1641 1173 1729 icon
1201 1631 1426 1760 exprimit,
1469 1643 1738 1732 dodrantalis.
1796 1647 1934 1762 Caput

251 1823 465 1909 magnum,
522 1795 755 1893 infirmum,
811 1795 903 1881 basi
948 1798 1542 1907 anguloso-subterra'e'drum,
1599 1795 1759 1881 vertice
1788 1797 1949 1910 plano,

254 1945 474 2062 temporali
513 1945 655 2031 carina
679 1945 1022 2045 'bituberculata,
1087 1946 1319 2060 operculis,
1382 1947 1605 2050 mollibus,
1659 1943 1932 2043 laevissimis,

256 2095 433 2211 quinque
460 2095 804 2212 impressionibus
831 2097 879 2182 in
906 2097 1090 2200 ambitu,
1145 2095 1304 2181 lamina
1341 2097 1503 2215 postica
1532 2093 1761 2182 accessoria
1787 2111 1953 2211 parva,¹

259 2245 578 2362 subtriangulari.
636 2238 825 2334 Rostrum
852 2249 1206 2365 plagioplateum,
1248 2248 1406 2352 latum,
1455 2251 1749 2333 rotundatum:
1802 2258 1944 2333 rictut'

261 2425 447 2512 magnusr
474 2405 674 2485 maxillae
700 2396 926 2503 firmiores,
957 2428 1123 2501 osseae,
1151 2397 1339 2512 margine
1370 2429 1506 2485 crasso
1535 2428 1740 2501 convexo,
1762 2420 1929 2484 extror-

266 2574 338 2631 sum
362 2547 566 2634 confertis
605 2552 817 2637 uncinulis
856 2554 942 2635 late
982 2552 1148 2652 scabro,
1204 2553 1369 2654 inferior
1407 2552 1535 2667 paulo
1564 2548 1806 2662 angustior,
1850 2553 1946 2636 sed'

268 2695 365 2808 apice
392 2701 614 2806 subacuta,
656 2705 824 2815 glabro,
880 2703 992 2801 ultra
1019 2699 1278 2814 superiorem
1304 2701 1557 2816 prominula.
1613 2703 1776 2812 Lingua
1804 2704 1944 2787 obtu··
2053 2770 2055 2772 .

266 2845 407 2934 sunna
435 2871 481 2933 et
507 2879 553 2935 os
581 2853 693 2938 intus
721 2854 931 2968 reliquum
957 2853 1141 2950 inerme,
1167 2851 1371 2964 glabrum.
1422 2857 1719 2938 Branchiarum
1748 2851 1926 2937 rhaches

271 2993 539 3113 longissimae,
569 3002 767 3090 dentibus
795 3002 1017 3118 geminatis
1045 3002 1224 3106 obtusis,
1261 3003 1381 3116 apice
1411 3002 1645 3106 muricatis,
1675 3001 1926 3088 distantibus

272 3151 506 3257 pectinatae,
533 3154 780 3240 brevissime
805 3156 1019 3240 barbatae.
1075 3154 1248 3237 Membr.
1277 3150 1588 3264 branchiostega
1618 3173 1844 3265 angustata,
1872 3155 1925 3237 ab

272 3288 400 3387 isthmo
429 3306 551 3416 gulae
577 3307 703 3422 plane
731 3305 965 3420 disjuncta,
1026 3300 1186 3386 radiata
1213 3299 1526 3414 cartilaginibus
1555 3331 1630 3385 sex
1663 3301 1785 3386 valde
1813 3300 1926 3385 inter

273 3474 303 3532 tt
323 3456 510 3558 remotis,
567 3456 747 3573 septimo
789 3455 1000 3572 operculis
1042 3456 1210 3538 adnato.
1283 3451 1406 3536 Oculi
1440 3450 1636 3564 utrinque
1664 3453 1716 3534 ad
1744 3450 1926 3536 frontem

273 3605 436 3713 plenam
465 3607 629 3722 magui,
656 3605 788 3720 nigri,
826 3629 923 3693 cute
950 3602 1137 3692 obducti.
1192 3605 1324 3687 Nares
1351 3601 1595 3716 simplices.'
1636 3604 1802 3714 Corpus
1822 3603 1926 3686 mol·

271 3746 469 3863 bimum,
497 3757 778 3873 alepidotum,
806 3758 1132 3861 monochroum,
1165 3754 1371 3857 albidum,
1402 3750 1776 3869 pinguedinosum,
1812 3782 1925 3836 com·

270 3926 452 4009 pressum,
481 3943 504 3994 a
532 3908 671 4025 capite
698 3909 855 3994 sensim
882 3911 1180 4007 adtenuatum;
1209 3909 1326 3989 Cutis
1352 3902 1504 4004 tenuis,
1533 3899 1786 3997 laevissima,
1814 3909 1925 3986 linco

270 4051 427 4148 bearn
453 4059 529 4145 vix
557 4060 783 4176 conspicua
810 4062 933 4144 dorso
961 4057 1116 4143 vicina.
1171 4059 1350 4139 Pinnae.-
1404 4060 1607 4137 ventrales
1633 4048 1807 4135 omuino
1833 4053 1943 4135 nul-z

271 4193 338 4296 lte!
372 4217 599 4328 pectorales
623 4209 913 4324 longissimae,
943 4206 1165 4294 dimidiam
1190 4204 1377 4321 corporis
1404 4202 1715 4316 longitudinem
1743 4229 1939 4315 aequans

273 4367 338 4463 itt,
361 4361 576 4450 radiorum
608 4360 782 4476 13.'qui·
799 4355 947 4447 omnes
975 4384 1141 4460 tenues,
1184 4359 1259 4442 sed
1286 4352 1571 4466 rigidiusculi,
1610 4352 1864 4454 subarcuati,
1899 4368 1940 4434 ι’

272 4504 310 4589 td
329 4545 385 4598 ro.
413 4513 665 4628 longissimi,
693 4511 962 4599 extremitate
990 4507 1170 4596 cirrhosi
1195 4504 1358 4606 molles,
1375 4504 1461 4589 aed
1488 4505 1731 4589 membrano
1759 4501 1921 4587 albido·

277 4657 481 4767 pellucida,
522 4666 630 4767 lata,
669 4664 768 4750 satia
795 4667 913 4773 firma
939 4659 1140 4776 usquein
1167 4658 1333 4774 apicem
1360 4651 1557 4738 connexi.
1625 4654 1728 4737 Pin:
1744 4656 1943 4737 dorsalisa

278 4816 359 4903 lss‘or
393 4845 548 4932 parva,
603 4814 822 4907 radiorum
856 4836 955 4903 octo
993 4809 1371 4906 brevissimorum,.
1391 4801 1663 4893 „dinanum
1675 4838 1700 4906 ς.
1731 4801 1944 4892 secunde·-

1461 4967 1481 5009 ἡ
