4404 5902
1027 302 1174 436 Q
1854 358 1950 460 Δις

257 574 470 667 intestino
499 576 553 662 ad
580 573 691 691 ipsas
718 575 875 681 alulas,
904 573 1056 691 quibus
1083 574 1190 660 illud
1218 576 1415 691 pylorum
1443 578 1725 694 amplectitur,
1755 577 1950 666 insertus.

254 735 411 818 Laeta
439 752 482 814 et
509 739 652 817 avaria
677 728 898 844 duplicia,
930 732 1039 815 ultra
1069 761 1219 826 anum,
1256 733 1309 814 ad
1337 733 1515 815 caudam
1542 733 1628 815 sere
1657 761 1850 829 carneam
1879 761 1951 816 ex·

240 904 409 986 .tensa,
465 882 511 965 in
538 882 670 967 altero
698 881 829 965 latere
869 882 981 967 inter
1022 905 1265 995 tegumenta
1299 905 1345 966 et
1380 887 1664 972 vertebrarum
1701 882 1866 1001 spinas,
1909 883 1956 971 iu

262 1037 402 1123 altero
426 1036 506 1119 sub
532 1032 635 1151 ipsis
665 1033 810 1149 spinis.
867 1038 1015 1123 Vesica
1040 1034 1224 1121 urinaria
1250 1058 1311 1119 sat
1339 1035 1494 1151 ampla.

256 1369 385 1465 286.
458 1369 1045 1467 PLEURONECTES
1102 1380 1424 1466 ntaeoticus.
1474 1375 1606 1467 TAB.
1645 1371 1950 1466 LXXXVIII.

251 1752 257 1761 ·
293 1760 301 1769 ι
400 1649 444 1728 Ρ.
464 1644 601 1730 oculis
628 1643 818 1752 sinistris,
847 1677 1021 1764 corpora
1050 1647 1245 1763 utrinque
1272 1646 1425 1763 sparsis
1451 1647 1628 1734 scutulis
1654 1669 1801 1735 centro
1829 1676 1950 1734 osseo

262 1796 522 1917 prominulis
551 1829 802 1898 verrucosa,
829 1800 970 1917 pinnis
1001 1802 1257 1885 ventralibus
1286 1802 1396 1885 latis.

480 1951 732 2058 Rhombus,
760 1956 972 2041 Strabonis
994 1985 1138 2067 geogr.
1167 1953 1240 2038 lib.
1268 1956 1365 2035 XII.
1393 1960 1477 2038 vol.
1505 1957 1560 2038 Il.
1590 1987 1630 2062 p.
1659 1965 1756 2064 755.

269 2188 275 2199 ,
337 2120 355 2153 ·
480 2105 775 2190 Pleuroncctes
802 2108 1055 2221 papillosus,
1085 2107 1294 2191 Grlldenst.
1320 2107 1482 2203 advers.
1514 2122 1734 2220 mriscrpta.

366 2256 514 2343 Ilossis
542 2259 596 2341 ad
624 2287 738 2343 mare
767 2258 1025 2346 moeoticum
1053 2259 1272 2343 Poluribolt
1300 2259 1331 2342 i.
1363 2287 1402 2343 e.
1430 2255 1558 2372 piscis
1587 2256 1847 2345 dimidiatus.

366 2409 722 2495 Tauro-Tamais
761 2412 1102 2524 Kallion-belsia
1138 2410 1168 2498 i.
1206 2441 1244 2495 e.
1273 2416 1446 2500 Scutum
1479 2407 1639 2528 piscis,
1682 2411 1812 2520 (unde
1839 2413 1947 2495 forte

430 2569 654 2648 Rossorum
682 2564 918 2677 Cambalb).

399 2720 449 2800 la
479 2714 649 2799 sinubus
679 2717 847 2801 Paludis
876 2715 1141 2823 Moeoticae,
1183 2717 1447 2834 praesertim.
1468 2714 1581 2801 circa
1608 2714 1718 2801 ostia
1744 2716 1950 2800 fluentum

249 2865 483 2983 copiosus,
525 2891 568 2952 et
609 2868 843 2981 gregarius,
886 2873 999 2954 unde
1035 2869 1356 2955 verosimillime
1396 2869 1509 2954 sinus
1543 2868 1769 2956 fluviorum
1802 2874 1868 2952 Jel'
1903 2891 1948 2953 et

254 3018 471 3132 Kagalnik
492 3021 663 3105 Graecis
680 3021 795 3105 olim
825 3024 901 3105 sub
931 3021 1172 3106 nominibus
1200 3023 1482 3107 Rhombitldes
1509 3029 1677 3140 majoris
1703 3043 1747 3107 et
1775 3018 1969 3107 minoris.

252 3171 487 3261 celebrata.
542 3171 778 3286 Capina-tur
811 3173 1058 3288 praesertim
1093 3176 1168 3258 sub
1213 3170 1415 3286 hyemem
1455 3197 1501 3258 et
1539 3203 1664 3276 vere,
1710 3201 1948 3288 magnoque

248 3351 434 3409 numero
458 3321 505 3408 iu
532 3324 689 3440 oppida
717 3323 987 3410 divehuntur.
1046 3328 1129 3413 Sed
1159 3326 1288 3412 hodie
1316 3353 1453 3437 neque
1481 3324 1709 3424 saliuntur,
1757 3351 1839 3408 nec
1867 3322 1946 3407 sic·

249 3496 421 3563 cantur.
472 3485 520 3561 In
549 3485 683 3563 Ponto
711 3478 879 3564 Euxino
906 3500 1071 3561 tantum
1099 3481 1153 3563 ad
1179 3478 1326 3563 littora
1354 3505 1526 3564 arenosa
1555 3498 1600 3561 et
1626 3477 1779 3561 vadosa
1806 3477 1944 3561 obaer-

256 3650 439 3727 ventum
470 3653 647 3745 suntque
676 3661 700 3714 a
729 3632 845 3716 fusco
873 3633 1003 3716 latete
1032 3631 1303 3716 obscuriores

396 3785 591 3868 Descr.
651 3781 1099 3898 Subsesquipedalibus
1133 3812 1344 3897 nunquam
1374 3789 1551 3896 majores
1580 3804 1676 3867 aunt
1701 3786 1946 3897 ponderet

252 3936 313 4021 ad
343 3948 367 4021 5
399 3933 554 4021 librar..
614 3937 764 4019 Forma
792 3933 1003 4037 Rhombi,
1035 3937 1243 4020 diametro
1271 3938 1357 4020 fere
1384 3935 1695 4048 longitudinem
1723 3959 1945 4049 aequante.

248 4084 319 4175 Os
347 4087 630 4192 adscendens,
661 4087 707 4171 in
731 4088 1040 4202 amplissimum
1069 4086 1220 4171 rictum
1250 4093 1360 4201 (Fig.
1391 4093 1447 4197 a.)
1476 4088 1724 4187 dilatabile;
1769 4096 1945 4174 maxilla

250 4244 443 4350 &feriore
476 4239 692 4352 longiore,
725 4237 988 4353 proutiuula,
1015 4239 1245 4324 tuberculis
1272 4241 1405 4355 apicis
1432 4242 1574 4325 subtus
1603 4240 1808 4352 angulata.
1839 4243 1949 4326 Den-

250 4412 319 4481 tes
346 4390 547 4489 minimi,
588 4390 801 4490 conserti,
842 4389 888 4475 in
917 4388 1104 4502 margine
1134 4391 1334 4476 maxillae
1362 4390 1600 4493 inferioris,
1639 4414 1687 4474 et
1724 4392 1950 4506 superioris

249 4576 354 4633 arcu
402 4544 557 4630 medio.
616 4546 731 4630 Plica
773 4545 866 4629 alba
907 4564 1081 4627 catatea
1120 4542 1232 4626 intra
1276 4543 1533 4656 superiorem
1575 4543 1719 4659 palato
1756 4545 1943 4645 obtensa,

245 4725 364 4815 quae
406 4697 580 4781 diducto
623 4695 731 4780 rictu
769 4695 1022 4810 explicatur.
1095 4698 1255 4807 Lingua
1297 4694 1464 4791 brevis,
1520 4696 1694 4791 obtusa,
1752 4694 1939 4778 inermis.

244 4852 452 4939 Lamiaae
494 4871 731 4962 mystaceae
771 4846 923 4962 longae
962 4848 1184 4963 lataeque,
1224 4878 1300 4961 pro
1340 4846 1581 4931 diducendo
1622 4845 1743 4937 rictu.
1816 4846 1948 4932 Nares

1514 5007 1533 5045 0
