4404 5902
880 226 1019 272 ==
1435 230 1438 235 ·
1700 198 1788 299 327

99 415 460 532 cadaveribusque
497 411 580 498 suis
619 417 793 500 lundum
832 439 875 501 et
909 415 1019 531 ripas
1062 416 1282 502 fluviorum
1310 440 1525 523 sternunt,
1571 417 1680 505 nulli
1707 417 1791 504 nisi

99 569 258 656 mortui
285 568 329 653 in
360 598 472 651 mare
501 570 688 652 reduces.
746 571 839 653 Ona
876 572 928 653 ad
960 568 1041 683 pisi
1071 569 1404 683 magnitudinem
1435 571 1570 655 dilute
1597 575 1719 656 rubra
1748 596 1793 659 et

96 722 255 824 lucida,
286 721 436 836 quibus
464 721 607 804 Salmo
636 722 813 808 Callaris
844 725 963 807 valde
993 723 1145 807 inhiat.
1176 724 1559 809 HuneSalmonem
1591 731 1790 811 Proteum

95 873 230 967 etiarn
260 875 306 958 in
336 873 560 958 Americae
590 874 786 989 opposito⁴
818 875 1070 960 Continenti
1104 878 1367 991 frequentem
1396 904 1486 960 esse
1516 905 1539 960 e
1569 875 1700 962 citato
1730 880 1791 964 lo-

94 1057 153 1115 co
181 1031 292 1143 apud
318 1031 361 1111 V
367 1030 655 1112 an·Couner
681 1026 829 1141 liquet,
861 1027 933 1141 qui
951 1028 1190 1112 Salmonem
1219 1051 1351 1114 rostro
1379 1028 1578 1115 uncinata
1607 1031 1653 1115 in
1681 1054 1792 1116 utro-

94 1210 182 1296 que
211 1211 328 1282 sexu,
358 1178 534 1294 gibbere
561 1201 723 1263 tantum
754 1178 798 1262 in
828 1181 1023 1285 maribus,
1053 1202 1367 1264 commemorat.
1402 1183 1529 1264 TAB.
1558 1186 1792 1268 LXXVIII.

86 1336 177 1447 fg.
210 1367 245 1415 a.
278 1331 493 1447 specimen
523 1333 663 1435 refert,
691 1332 763 1416 cui
792 1334 992 1416 maxillae
1019 1357 1065 1417 et
1094 1331 1207 1416 dorsi
1235 1333 1385 1447 gibber
1411 1337 1597 1449 primunr
1625 1340 1790 1440 crescit,
1868 1320 1870 1325 ⁵

101 1486 209 1571 Tab.
239 1486 432 1569 LXXIX.
453 1493 535 1596 lig.
571 1522 604 1569 ι.
634 1514 835 1569 recense
865 1486 970 1569 mari
998 1488 1229 1588 advenam,
1259 1485 1410 1572 habitu
1439 1485 1645 1589 naturali5
1687 1494 1792 1601 ejus·

88 1641 198 1728 dem
229 1640 412 1724 Tabulae
428 1645 513 1750 fig.
543 1669 583 1721 a.
610 1636 735 1751 plane
764 1640 965 1723 effoetum
993 1660 1037 1720 et
1064 1637 1299 1751 gibbosum.

237 1795 431 1877 Descr.
463 1790 711 1902 Magnitudo
741 1789 912 1875 circiter
938 1790 1173 1906 bipedalis,
1202 1791 1366 1904 pondus
1394 1808 1421 1895 4
1448 1814 1494 1876 et
1522 1806 1545 1879 5
1576 1791 1792 1879 librarum.

87 1949 240 2061 Quum
270 1973 295 2028 e
323 1939 431 2026 mari
458 1940 660 2047 veniunt,
703 1944 836 2027 forma
864 1942 1053 2027 Farionis
1089 1942 1158 2026 vel
1186 1935 1349 2026 Eriocis
1385 1945 1505 2058 (Fig.
1542 1949 1637 2055 1.),·
1690 1969 1792 2033 tunc

91 2121 276 2189 rostrum
300 2074 536 2212 conicum,
578 2102 765 2181 maxillis
803 2094 877 2180 vix
922 2093 1178 2197 incurvulis,
1220 2120 1330 2207 quae
1371 2121 1467 2211 post
1512 2096 1675 2213 aliquot
1700 2097 1792 2183 dies

89 2252 318 2364 elongatae
345 2247 391 2332 in
420 2279 545 2333 uncas
571 2246 801 2333 contrarios
829 2247 889 2332 ita
916 2247 1217 2350 incurvantur,
1259 2268 1308 2331 ut
1348 2246 1394 2333 in
1435 2250 1554 2337 nullo
1591 2247 1676 2335 alio
1706 2249 1794 2334 Sal·

87 2433 225 2495 mone
255 2398 388 2514 magis
415 2402 523 2513 (Fig.
555 2406 628 2510 a).
685 2406 945 2487 Excrescunt
984 2398 1110 2484 simul
1151 2401 1317 2502 dentes,
1360 2398 1436 2516 qui
1473 2398 1645 2525 marinis
1674 2421 1793 2485 erant

88 2557 173 2644 vix
205 2553 348 2639 mollia
378 2552 572 2637 dentium
602 2550 850 2639 rudimenta.
907 2553 1046 2640 Simul
1076 2555 1267 2656 dorsum,
1295 2553 1520 2670 praecipue
1549 2553 1790 2657 maribus,

86 2744 118 2801 a
153 2710 438 2795 musculomm
465 2706 572 2790 forte
599 2704 893 2793 contractione
929 2703 1281 2821 opisthotonica,
1321 2705 1532 2791 attollitur
1566 2708 1613 2808 in
1645 2705 1794 2822 gibbe-

80 2894 223 2966 rum,
264 2858 335 2974 qui
372 2855 692 2943 continuatione
719 2857 765 2943 in
795 2889 900 2973 aqua
928 2858 1046 2945 dulci
1075 2857 1208 2971 magis
1235 2856 1452 2973 magisque
1481 2888 1612 2974 usque
1640 2862 1694 2947 ad
1722 2890 1793 2944 au·

77 3042 287 3109 tumnum
317 3033 360 3125 et
388 3033 580 3116 mortem,
610 3035 794 3126 augetur.
823 3018 965 3108 Porro,
993 3007 1068 3127 qui
1093 3009 1139 3095 in
1170 3007 1276 3094 mari
1304 2983 1468 3124 argenti
1500 3010 1632 3100 instar
1651 3012 1791 3125 splen·

76 3171 222 3263 didus
250 3164 330 3249 fuit
357 3163 514 3281 piscis,
543 3162 589 3249 in
618 3163 755 3291 llutiis
783 3163 965 3279 primum
994 3159 1245 3248 coemlescit
1257 3222 1272 3261 ‚
1301 3161 1460 3247 dehinc
1487 3161 1670 3267 livescit,
1700 3193 1792 3275 spa·

73 3322 243 3419 diceus
270 3316 442 3423 evadit,
469 3338 516 3403 et
545 3315 671 3401 variis
700 3315 905 3431 morbidis
923 3314 1159 3418 coloribus,
1188 3313 1242 3399 ab
1270 3313 1405 3399 effuso
1434 3313 1664 3429 sanguine,
1695 3344 1793 3401 con-

70 3471 350 3581 taminatur,
392 3468 511 3584 quasi
550 3470 781 3585 sugillatus.
852 3475 1017 3557 Recens
1051 3498 1076 3553 e
1111 3465 1218 3552 mari
1254 3467 1484 3552 adventans
1523 3465 1792 3584 praepinguis

67 3648 186 3730 est,
227 3623 398 3737 sapidus
418 3645 477 3738 ‚et
512 3645 630 3710 motu
668 3622 910 3738 agillimus;
967 3621 1014 3708 in
1051 3618 1183 3706 fluvio
1211 3622 1268 3707 ob
1296 3617 1598 3705 vehementem
1628 3643 1793 3709 motum

68 3779 187 3873 cito
217 3773 423 3878 tabescit,
471 3773 610 3890 segnis
645 3774 792 3863 evadit
830 3797 875 3858 et
914 3773 1149 3891 insipidus,
1189 3801 1441 3889 quocunque
1478 3801 1580 3858 vero
1617 3771 1714 3859 loco
1742 3805 1792 3861 ac

63 3955 293 4045 tempore
320 3897 527 4029 occurrit,
573 3927 704 4042 gibbo
742 3927 857 4015 dorsi
888 3950 933 4011 et
969 3926 1156 4013 maxillis
1192 3923 1313 4012 uncis
1347 3923 1474 4010 facile
1503 3923 1792 4040 distinguitur.

63 4090 388 4183 Formiana
417 4066 529 4166 mare
558 4082 728 4168 diflert:
767 4082 882 4197 quod
910 4079 1049 4167 minor
1077 4111 1242 4197 semper
1268 4077 1347 4180 sit3
1396 4106 1571 4161 numero
1600 4076 1791 4185 inferior,

60 4256 248 4359 utpote
277 4230 350 4317 vix
379 4231 583 4348 vigesima
611 4264 830 4351 quaeque3
885 4231 1016 4349 gibbo
1056 4232 1325 4337 destituitur;
1380 4257 1491 4316 unco
1521 4229 1791 4315 mandibulae

60 4391 166 4489 uel
200 4407 338 4491 caret,
383 4387 453 4471 vel
482 4415 566 4472 non
594 4389 701 4474 adeo
729 4415 945 4473 enormem
972 4384 1194 4502 producit,
1238 4387 1495 4497 tandemque
1524 4410 1701 4497 corpore
1728 4405 1793 4469 est

62 4539 341 4645 habitiore,
383 4541 457 4625 aad
499 4538 728 4643 crassiore,
766 4542 891 4626 dorso
929 4539 1061 4653 magis
1100 4565 1322 4640 convexo,
1367 4564 1448 4620 nec
1489 4531 1702 4637 carinato,
1744 4559 1793 4623 ut

60 4691 293 4801 munuli.
351 4694 488 4809 Caput
515 4689 618 4780 huic
644 4692 835 4785 Salmoni
863 4692 909 4780 in
937 4719 1089 4808 genere
1117 4690 1243 4808 paulo
1272 4687 1435 4775 acutius
1468 4710 1513 4774 et
1538 4687 1793 4817 productum

1288 4850 1342 4947 48
