4404 5902
561 619 780 711 Animalia
817 615 943 736 hujus
970 616 1148 708 Ordinis
1182 617 1327 706 omnia
1366 613 1563 735 praedita
1603 636 1700 706 sunt
1728 619 1987 735 pulmonibus
2016 625 2124 710 veri·

425 777 658 879 sularibus,
683 773 948 895 spontaneiss
995 806 1075 864 oua
1102 773 1275 891 pariunt
1302 772 1453 863 vitello
1481 796 1526 859 et
1555 769 1772 859 albumine
1802 770 2028 880 instructa,
2056 778 2128 866 in.

423 936 600 1019 cubatus
625 960 711 1016 non
735 958 892 1045 egena,
930 926 1063 1015 rarius
1091 926 1203 1017 intra
1231 926 1377 1018 matris
1404 927 1626 1019 oriductus
1653 927 1947 1030 excludenda,
1978 957 2003 1015 e
2032 931 2124 1046 qui·

422 1088 500 1172 bus
527 1084 667 1201 proles
694 1084 942 1199 plerumque
969 1083 1114 1198 prodit
1141 1084 1349 1199 perfecta,
1389 1104 1556 1198 praeter
1582 1088 1741 1184 Ranas,
1778 1110 1957 1195 quarum
1985 1082 2122 1199 pluri-

423 1267 538 1342 mae,
581 1266 607 1323 e
637 1238 827 1323 caudatis
853 1259 896 1322 et
924 1234 1203 1322 branclrileris
1231 1234 1414 1351 gyrinis,
1458 1233 1791 1353 metamorphosi
1818 1236 2000 1349 quadam
2031 1267 2124 1354 per·

422 1388 620 1479 ficiuntur
645 1388 692 1475 in
716 1393 953 1477 ecaudatas.
1031 1389 1243 1477 Omnibus
1271 1398 1449 1477 sceleton
1476 1422 1499 1474 a
1524 1389 1869 1508 quadrupedibus
1897 1386 2129 1493 diversum,

421 1572 562 1660 neque
590 1542 636 1630 in
664 1541 782 1630 omni
810 1570 964 1659 genere
989 1541 1162 1638 simile,-
1203 1552 1267 1631 vis
1294 1543 1503 1658 digestiva
1531 1541 1727 1629 omnibus
1754 1542 1935 1658 septica,
1976 1542 2125 1631 dissol-

423 1724 527 1782 vens
555 1720 598 1782 et
626 1701 821 1814 frequens
849 1696 894 1780 in
924 1693 1008 1782 hoc
1038 1695 1191 1787 ordine
1218 1718 1450 1801 sersenata,
1499 1694 1547 1781 in
1576 1726 1716 1780 morsu
1744 1694 1836 1795 sis,
1880 1695 1953 1780 vel
1981 1693 2028 1780 in
2055 1726 2126 1784 ex·

422 1848 551 1934 eretis
578 1849 778 1965 qualitas,
821 1848 1016 1937 omnibus
1046 1870 1241 1964 suspecta
1268 1848 1411 1934 iacies.
1480 1855 1647 1936 Genera
1674 1848 1880 1936 naturalia
1908 1847 1995 1936 huc
2023 1851 2125 1936 refe·

423 2003 573 2087 render
600 2006 805 2102 Testudo,
836 2011 973 2104 Rana,
1004 2001 1299 2099 salamandra,
1327 2007 1479 2105 Draco,
1512 2009 1700 2106 Lacerta,
1730 2002 1926 2100 Coluber,
1953 2000 2126 2118 Vipera,

424 2159 534 2258 Bos,
590 2156 809 2258 Crotalus,
851 2153 1037 2267 Anguis,
1081 2152 1400 2268 Amphisbaena
1416 2189 1427 2256 ;
1488 2154 1695 2269 equibus
1724 2160 1864 2238 Fauna
1893 2176 2053 2255 nostra,
2081 2155 2128 2243 in

424 2302 511 2390 hoc
540 2306 688 2391 ordine
715 2307 990 2422 paupercula,
1036 2307 1229 2393 excludit
1281 2306 1601 2411 salamandras,
1641 2313 1878 2416 Dracones,
1921 2307 2126 2413 Crotalus,

432 2463 560 2564 Roas,
603 2457 955 2579 Amphisbaenas.

962 2707 1595 2735 mm

811 2852 818 2863 .
917 2895 1122 3006 Genus
1177 2903 1213 3007 1.
1277 2901 1654 3014 RANAE

567 3381 713 3462 Ranae
741 3376 868 3466 costis
897 3403 942 3466 et
968 3409 1152 3497 coccyge
1180 3403 1225 3468 ot
1252 3411 1344 3468 osse
1373 3413 1491 3470 sacro
1519 3405 1727 3488 carentes,
1758 3382 1949 3484 vocales,
1978 3379 2125 3495 lingua

426 3527 474 3617 in
501 3524 641 3616 lauces
668 3558 836 3618 reversa
863 3529 1114 3650 singulares,
1154 3533 1343 3620 externis
1373 3537 1628 3652 genitalibus
1655 3537 1866 3656 privatas,
1920 3535 2052 3619 nudas
2080 3557 2125 3620 et

429 3680 627 3769 imbelles
669 3682 866 3771 destituit
904 3711 1070 3793 natura,
1114 3711 1159 3775 et
1194 3720 1272 3806 pro
1299 3689 1509 3776 tutamine
1536 3712 1702 3777 tantum
1729 3693 1861 3808 pedes
1889 3687 2123 3774 saltatorios

429 3856 474 3922 et
499 3836 642 3952 lugam
669 3837 812 3944 dedit,
857 3839 1047 3956 pluribus
1077 3842 1187 3928 male
1216 3842 1459 3930 servientes.
1518 3846 1743 3932 Pulmones
1770 3842 1824 3929 iis
1854 3843 1938 3927 duo
1966 3839 2126 3926 vesicu-

428 3986 558 4096 lares,
601 3990 823 4108 respiratio
866 4017 1096 4109 spontanea
1109 4033 1124 4093 ‚·
1163 3993 1307 4083 oraria
1349 3998 1466 4094 duo‚·
1505 3999 1630 4084 onula
1657 3999 1789 4101 nuda,
1831 3995 2052 4082 involucro
2080 4017 2126 4081 et

431 4141 582 4231 vitello
616 4144 841 4253 destituta,
892 4149 984 4236 solo
1013 4148 1232 4236 albumine
1260 4152 1537 4266 embryonerrr
1566 4152 1843 4254 obvolvente,
1889 4170 2009 4233 extra
2034 4176 2124 4233 cor·

426 4326 508 4413 pus
535 4296 850 4406 foecundanda,
894 4327 939 4390 et
966 4303 1012 4390 in
1041 4301 1254 4421 plerisque
1281 4301 1504 4420 speciebus
1528 4333 1555 4390 o
1581 4303 1731 4420 gyrino
1758 4295 2124 4419 ichthyonrorpho

427 4450 584 4566 apode,
624 4449 672 4536 in
708 4483 852 4543 ranam
888 4459 1123 4572 perlectam
1160 4454 1325 4541 amissis
1350 4452 1567 4543 branchiis
1594 4482 1640 4544 et
1667 4454 1848 4575 pedibus
1876 4453 2011 4540 enatis
2038 4479 2126 4536 me·

428 4598 694 4720 tamorphosi
720 4606 901 4722 quadam
931 4608 1200 4726 perficienda.
1265 4607 1368 4694 Vita
1396 4607 1450 4694 iis
1477 4607 1763 4714 tenacissima,
1804 4607 1897 4694 sine
1924 4607 2051 4692 corde
2080 4627 2126 4691 et

430 4752 684 4860 visceribus,
711 4759 800 4849 imo
829 4761 921 4851 sine
949 4766 1123 4850 cerebro
1152 4759 1415 4881 aliquamdiu
1439 4762 1737 4866 continuanda,
1766 4759 1936 4878 hyeme,
1967 4758 2125 4874 absque

432 4908 733 5030 respiratione,
761 4915 949 5036 torpida,
992 4945 1123 5002 verno
1151 4914 1368 5003 letissimo
1400 4937 1547 5035 tepore
1574 4915 1874 5003 resuscitanda.
1918 4913 2123 5025 Congres-
