4404 5902
1118 422 1270 466 Ἀ

1120 464 1267 487 ’-θ’

635 657 754 781 246.
799 657 1075 754 sanato
1120 658 1330 749 tanao.
1378 652 1512 746 naa.
1542 644 1730 763 tm

471 939 514 1024 S.
537 962 717 1051 'corpore
746 932 868 1049 nigro
895 955 1086 1049 guttato,
1126 933 1261 1020 cauda
1302 923 1498 1043 aequali,
1538 922 1671 1044 pinna
1697 919 1766 1009 ani
1795 914 2046 1007 rubicunda

332 1088 489 1176 dorsali
518 1088 728 1174 maculosa
753 1085 1142 1172 undecimradiatis.
2036 1140 2040 1145 -

552 1239 704 1342 Huch,
744 1242 907 1325 Marsil.
938 1239 1101 1323 Danub.
1134 1241 1184 1325 V.
1220 1271 1261 1353 p.
1292 1248 1359 1323 δι.
1396 1233 1482 1319 tub.
1512 1243 1579 1318 au.
1596 1232 1684 1344 fig.
1719 1263 1753 1313 ι.
1804 1224 2045 1338 thughb.

611 1396 742 1480 taath.
773 1423 814 1507 p.
850 1423 939 1497 ¹99·
969 1392 1056 1474 tab.
1086 1393 1130 1474 N
1147 1428 1181 1478 1.
1201 1399 1287 1504 fig.
1320 1402 1360 1476 6.
1388 1389 1481 1506 Ruj.
1508 1414 1606 1499 syn.
1636 1392 1739 1497 piac.
1768 1413 1811 1496 p.
1841 1392 1914 1465 65.
1944 1410 2045 1483 n.9.

550 1546 693 1631 salmo
721 1541 901 1647 Hucho,
927 1545 1019 1627 Lin.
1048 1563 1156 1654 synt.
1183 1545 1281 1627 XII.
1310 1543 1343 1623 Ι.
1373 1570 1415 1654 p.
1446 1505 1542 1623 ἓιο.
1570 1564 1636 1653 sp.
1668 1547 1710 1623 5.

551 1698 695 1783 Salmo
736 1694 913 1782 maculis
954 1691 1146 1779 rotundis
1179 1691 1226 1776 in
1268 1713 1421 1775 trunco
1459 1682 1713 1805 pinnisque,
1748 1685 1905 1771 Bloch.
1936 1691 2043 1799 pise.

600 1881 733 1964 germ.
762 1849 840 1932 ΙΙΙ.
870 1878 911 1965 p.
947 1858 1037 1932 152.
1064 1877 1104 1928 n.
1141 1878 1202 1929 ιο.
1231 1843 1317 1929 tab.
1354 1876 1444 1928 ιοο.
1566 1918 1570 1926 .

439 1998 616 2091 Rossice
643 2005 818 2102 Mesoa,
857 2000 911 2086 ad
939 1998 1116 2088 Cannam
1142 1999 1410 2085 Streshneuoi
1433 1998 1541 2084 Linn
1580 1993 1652 2081 vel
1683 1993 1902 2113 Kauanaja
1929 1988 2047 2107 ryba

493 2156 528 2244 i.
552 2183 595 2239 e.
620 2155 747 2239 ruber
772 2151 916 2269 piscis.

439 2305 606 2392 Tataris
632 2309 771 2421 Rgtat
799 2305 943 2418 halyn

441 2455 578 2544 Persis
605 2459 823 2545 Geloaaur.
879 2455 1078 2544 Armenis
1106 2459 1317 2573 Gagakun·

469 2620 521 2698 ln
548 2608 690 2695 fluviis
730 2613 785 2696 ad
825 2640 941 2695 mare
982 2607 1225 2698 Balthicum
1266 2604 1542 2695 tendentibus
1581 2598 1961 2721 ftequentissimus
2000 2621 2045 2687 ct

330 2759 550 2877 Pettopoli
575 2758 622 2845 in
647 2754 826 2876 piscinis
862 2760 983 2848 vivas
1021 2761 1188 2865 venulis
1228 2759 1358 2878 piscis
1399 2753 1773 2860 deliciosissimua‚
1818 2755 1965 2841 ratius
1998 2756 2047 2839 in

330 2913 463 3001 Cama
484 2914 528 2996 fl.
551 2933 597 2998 et
615 2911 875 3000 nuncetiam
903 2911 950 2999 in
978 2911 1087 3001 mari
1114 2914 1261 3033 caspie
1289 2909 1581 3000 observabilis.
1608 2907 1700 2997 vix
1732 2907 1898 2997 dubito
1926 2905 2045 2995 hanc

332 3064 519 3181 speciem
531 3125 547 3165 ,
580 3094 693 3181 quae
719 3068 768 3152 in
797 3067 936 3183 Volga
967 3066 1181 3156 rarissime
1222 3065 1388 3186 capitur
1398 3127 1414 3168 ,
1451 3063 1499 3151 in
1525 3064 1702 3153 camam
1731 3090 1814 3179 per
1841 3061 2044 3149 borenc·

329 3213 377 3302 in
404 3245 498 3301 eam
524 3214 572 3303 in
599 3220 775 3305 fluentes
802 3216 916 3306 risos
951 3220 1221 3336 pervenisse,
1266 3249 1443 3334 quorum
1484 3214 1593 3305 varii
1625 3216 1760 3334 ipsius
1788 3215 1963 3305 Cumae
1998 3232 2044 3299 et

329 3369 503 3457 Colwae
531 3370 821 3474 collaterales,
866 3369 968 3456 rivis
997 3373 1043 3458 in
1070 3371 1342 3458 Petachoram
1371 3395 1418 3458 et
1446 3367 1782 3487 Wytschegdaan
1813 3362 2042 3455 induenti·

328 3522 405 3605 bus
433 3524 541 3611 aden
567 3525 755 3609 fontibus
782 3546 878 3609 sunt
906 3524 1064 3629 vicini,
1101 3547 1149 3609 ut
1172 3525 1327 3628 facile,
1366 3525 1613 3609 exundante
1639 3519 1772 3607 nivali
1807 3550 1958 3635 aqua,
1984 3545 2038 3602 ex

327 3671 488 3758 unuin
516 3675 695 3759 alterum
718 3674 923 3780 Baiocas,
957 3675 1040 3792 qui
1067 3679 1120 3764 ad
1154 3700 1366 3763 extremos
1401 3677 1588 3761 rivorum
1614 3671 1902 3787 scaturigines
1930 3665 2039 3757 eniti

327 3825 491 3929 solent,
529 3824 710 3917 transire
751 3826 982 3942 potuerint.
1037 3835 1105 3913 De
1142 3826 1235 3913 rivo
1270 3834 1443 3919 Mattaa
1475 3827 1521 3914 in
1550 3828 1727 3915 Camam
1763 3824 2040 3942 superiorem

325 3975 528 4064 influente
557 3978 748 4064 oculares
770 3999 903 4064 testes
936 3980 1054 4067 mihi
1083 3984 1417 4087 adsensurum,
1464 3981 1589 4068 illum
1622 4008 1654 4065 e
1694 3977 1862 4093 palude
1903 3975 2040 4077 oriri,

325 4158 435 4245 quae
461 4161 593 4216 nemo
622 4153 812 4246 tempore
839 4153 929 4219 tota
966 4133 1086 4249 aquis
1126 4134 1329 4221 inundata
1370 4157 1556 4223 mutatur
1594 4131 1641 4218 in
1679 4132 1858 4232 lacum,
1899 4162 1926 4217 e
1954 4157 2038 4247 quo

324 4283 485 4397 pariter
513 4313 654 4368 versus
682 4281 1018 4398 Wytschegdam
1047 4286 1161 4372 rivus
1185 4288 1352 4374 defluit.
1404 4296 1485 4375 Par
1510 4284 1757 4400 hujusmodi
1789 4310 2038 4372 anastomo-

324 4462 388 4520 ses
414 4436 557 4525 Pisces
585 4435 818 4524 Anadromi
847 4467 902 4521 ex
931 4439 1105 4528 Oceano
1134 4442 1436 4559 adscendentes
1462 4439 1712 4528 incanam
1734 4439 1932 4528 transire
1959 4439 2037 4527 ibi·

323 4617 406 4702 que
436 4586 622 4704 speciem
652 4585 937 4704 multiplicare
966 4613 1203 4706 potuerunt.

462 4744 636 4829 Descr.
695 4744 855 4855 Corpus
883 4742 1010 4857 vulgo
1035 4745 1340 4861 subbipedale,
1371 4750 1571 4848 obesum.
1601 4775 1930 4862 compoessum‚
1961 4784 2034 4837 un·

320 4885 452 5006 dique
479 4920 746 5000 convexum,
791 4894 917 4985 dorso
955 4919 1054 4982 ante
1090 4896 1268 5015 pinnam
1296 4900 1507 4988 dorsalem
1528 4899 1835 5016 subaugulato.
1890 4907 2037 5025 θυμω
