4404 5902
264 343 356 445 378
1044 356 1188 408 Ε

266 563 425 679 magis,
469 592 595 677 quam
639 559 687 646 in
714 556 1038 674 congeneribus,
1081 556 1128 642 iu
1168 553 1355 670 gibbosis
1393 544 1533 644 nucha
1562 558 1688 645 valde
1722 557 1950 674 prominuls

266 717 367 833 gibb
387 748 455 800 rm.
497 715 621 802 Oculi
649 715 883 799 mediocres
911 732 1042 796 rostro
1071 709 1285 824 proximi;
1315 711 1439 797 irides
1468 714 1596 797 modo
1625 741 1803 814 aureae,
1835 713 1954 797 modo

266 892 518 983 argenteae3
562 864 721 981 pupilla
754 864 901 950 ovalis.
959 866 1169 947 Maniliae
1197 864 1498 978 subaequales,
1527 862 1718 978 margine
1748 863 1958 950 subtiliter

266 1021 550 1108 denticulatae
578 1020 623 1103 in
653 1017 853 1117 marinis;
909 1016 954 1099 in
995 1013 1232 1099 anadramis
1273 1015 1458 1101 maribus
1486 1037 1664 1100 rostrum
1694 1018 1960 1134 productum,

263 1161 404 1289 primo
434 1174 684 1285 productum
714 1170 985 1284 cylindraceo
1016 1170 1288 1252 adtenuatum
1317 1167 1444 1278 (Ταῦ.
1464 1180 1530 1279 78.
1550 1168 1636 1281 fig.
1660 1182 1744 1276 a),
1776 1169 1962 1255 maxillis

267 1326 510 1438 aequalibus
555 1321 763 1424 dentatis3
806 1321 906 1405 dein
946 1351 1055 1404 unco
1102 1319 1300 1403 maxillae
1340 1317 1554 1434 utriusque
1592 1319 1798 1406 difforme
1841 1345 1963 1437 atque

267 1473 391 1561 hians
421 1477 555 1588 (Tab.
585 1512 651 1586 79
670 1484 756 1587 fig.
788 1481 867 1584 3.).
938 1476 1120 1557 Maxilla
1148 1481 1331 1585 superior
1359 1470 1550 1556 dentium
1582 1471 1787 1588 utrinque
1817 1474 1963 1561 ordine

267 1631 606 1744 subinterrupto,
662 1625 812 1711 anticis
851 1625 1044 1710 omnibus
1084 1624 1365 1711 crassiusculis
1402 1622 1638 1724 uncinatis,
1692 1625 1867 1743 postica
1894 1660 1966 1744 per

265 1788 463 1868 laminam
493 1803 753 1894 mystaceam
781 1800 997 1890 angustam
1025 1775 1309 1873 crnrinuatis,
1334 1774 1558 1881 subulatis,
1586 1777 1743 1879 rectis,
1777 1779 1962 1887 minutis,

264 1933 488 2018 alternisve
518 1931 756 2042 majoribus.
815 1934 995 2014 Maxilla
1029 1932 1198 2039 inferior
1237 1928 1434 2015 dentibus
1459 1929 1507 2014 in
1533 1928 1654 2045 apice
1685 1930 1858 2048 aliquot
1884 1968 1960 2021 ma·

264 2085 384 2199 gnis,
428 2083 661 2186 uncinatis,
710 2080 811 2166 hinc
853 2081 1008 2164 sensim
1049 2082 1309 2180 minoribus,
1364 2079 1682 2196 inaequalibus,
1725 2116 1813 2170 nec
1856 2090 1959 2174 ultra

263 2237 452 2322 medium
476 2230 770 2351 'longitudinis
813 2232 1012 2317 maxillae
1055 2234 1323 2320 continuatis.
1381 2235 1576 2319 Palatum
1616 2236 1728 2321 serie
1771 2241 1958 2326 dentium

263 2389 426 2503 aliquot
455 2390 598 2475 media
625 2391 700 2474 sub
730 2409 862 2472 rostro
891 2409 935 2469 et
965 2385 1158 2499 utrinque
1183 2384 1390 2503 posterius
1421 2391 1473 2474 ad
1511 2388 1678 2473 buccas.
1755 2392 1957 2507 Opercula

263 2541 558 2629 branchiarum
586 2542 833 2639 rotundata;
862 2540 1049 2625 flabella
1077 2541 1333 2624 branchialia
1359 2538 1543 2624 lamellis
1576 2574 1619 2623 rr
1654 2542 1709 2626 ad
1748 2578 1809 2629 ra.
1867 2549 1955 2633 car·

263 2727 340 2809 pus
370 2727 393 2778 a
422 2694 562 2780 nucha
589 2694 635 2779 in
664 2692 838 2807 gibbum
869 2694 1001 2808 magis
1036 2692 1227 2778 minusve
1268 2713 1434 2779 auctum
1473 2713 1570 2777 ante
1605 2693 1790 2808 pinnam
1825 2704 1956 2789 dorsa·

263 2846 349 2929 lem
380 2849 660 2948 adscendens,
707 2843 1091 2973 microlepidotum.
1148 2849 1275 2931 Linea
1311 2852 1496 2932 lateralis
1529 2846 1798 2951 rectissima,
1839 2855 1954 2943 dorso

261 2998 390 3113 paulo
418 2995 590 3113 propior
616 2995 735 3110 quasi
762 3026 786 3081 e
813 2996 1042 3125 squamulis
1070 3001 1273 3100 conflata,
1316 3001 1429 3111 quod
1463 3021 1607 3086 tamen
1635 3004 1875 3095 adtentiori
1899 3011 1956 3096 irr-

263 3148 482 3263 spectione
520 3172 776 3235 commatum
815 3149 1002 3262 speciem
1042 3152 1179 3254 sistit,
1230 3150 1414 3265 squamis
1453 3150 1774 3270 inscriptorum.
1832 3162 1955 3248 Pirum

261 3302 439 3387 dorsalis
474 3302 655 3387 dimidio
685 3303 943 3387 ventralibus
973 3303 1182 3408 anterior,
1227 3298 1386 3408 crassa,
1434 3307 1648 3391 radiorum
1683 3343 1751 3394 ra.
1783 3343 1953 3427 quorum

261 3456 345 3538 duo
387 3454 615 3548 anteriores
656 3454 898 3564 simplices,
938 3487 1084 3538 omnes
1125 3458 1668 3573 rufescentes„interjecta
1712 3469 1953 3552 membrana

259 3606 452 3718 plumbei
492 3608 659 3693 coloris.
716 3609 762 3693 P.
808 3611 981 3723 adipum
1024 3611 1214 3711 robusta,
1257 3609 1454 3714 linearis,
1509 3611 1738 3726 elongata,
1786 3619 1954 3734 posticis

262 3757 391 3841 radiis
418 3791 459 3874 p.
490 3760 561 3844 ani
590 3761 871 3876 subopposita.
914 3765 960 3843 P.
989 3772 1215 3879 pectorales
1244 3764 1312 3847 vel
1341 3764 1575 3863 livescunt,
1603 3767 1678 3851 vel
1709 3801 1737 3853 a
1770 3774 1954 3860 violenta

260 3908 490 4021 agitatione
530 3915 680 3996 rubore
723 3915 904 3997 suffusae
950 3938 1069 4017 sunt,
1112 3915 1239 3999 radiis
1276 3928 1321 4002 15
1350 3916 1590 4000 instructae.
1664 3920 1715 4005 P.
1757 3934 1954 4014 ventretea

260 4060 453 4166 albidae,
497 4066 570 4147 sed
609 4097 632 4148 a
672 4068 828 4150 suffuso
862 4067 1062 4179 sanguine
1097 4091 1260 4151 tantum
1296 4100 1379 4152 non
1416 4070 1596 4166 rubrae,
1636 4072 1867 4165 radiorum
1900 4115 1954 4166 ro.

252 4215 304 4303 P.
335 4224 404 4298 am'
439 4238 738 4332 atropurpurea
780 4218 849 4303 vel
894 4218 1107 4321 violacea,
1148 4250 1307 4322 crassa,
1352 4223 1440 4304 rad.
1476 4238 1523 4326 ¹4
1552 4219 1621 4305 vel
1661 4241 1727 4314 15.
1791 4234 1956 4320 caudae

259 4365 390 4481 pinna
418 4399 514 4452 cum
543 4370 745 4454 interfuso
773 4374 922 4456 rubore
951 4370 1097 4470 livida,
1128 4373 1300 4456 maculis
1328 4371 1519 4459 ovalibus
1544 4373 1679 4480 varia,
1711 4378 1766 4466 in
1799 4382 1956 4501 majori·

258 4519 335 4602 bus
363 4520 530 4617 minus,
557 4519 603 4604 in
632 4522 864 4609 minoribus
895 4524 1025 4638 magis
1054 4527 1261 4639 profunde
1291 4518 1533 4639 farcipata.'
1567 4529 1788 4643 Squamae
1816 4567 1955 4656 corpo·

257 4670 314 4755 ris
354 4669 463 4755 infra
503 4673 662 4758 lineam
699 4677 917 4760 lateralem
956 4678 1082 4792 paulo
1125 4686 1326 4789 majores,
1374 4677 1419 4761 in
1461 4679 1585 4763 dorso
1623 4682 1954 4777 minutissimae.

258 4824 407 4931 Calor,
437 4847 633 4940 utsupra
664 4827 937 4939 dictumest,
975 4829 1021 4916 in
1052 4827 1285 4918 minoribus
1314 4855 1357 4916 et
1384 4828 1558 4917 marinis
1583 4833 1791 4949 piscibus
1818 4844 1953 4933 tersio
