4404 5902
171 394 175 401 .
315 341 403 429 ras
1078 338 1224 393 ===

315 542 553 630 Flabellum
580 569 653 627 seu
678 538 921 626 Membrana
948 538 1260 653 bioncbioatega
1287 537 1412 643 laxa,
1452 535 1582 663 radiis
1611 547 1652 649 5.
1680 535 1882 643 arcuatis,
1919 536 2012 626 fere

315 692 693 812 semiparabolicis.
763 697 922 810 Corpus
961 725 985 776 a
1027 691 1168 808 pinnis
1210 692 1468 785 veneralibus
1510 692 1667 797 sensim
1707 693 2009 799 adtenuatum,

315 849 481 966 postice
509 844 808 963 compressius,
847 872 1106 945 convexum,
1145 868 1242 931 cute
1269 844 1389 932 tenui
1417 843 1540 931 molli
1563 843 1780 931 'subtiliter
1807 866 2013 958 punctata

316 998 594 1114 laevigatum‚
648 999 791 1085 subtus
818 999 983 1102 album,
1038 999 1160 1084 dorso
1187 999 1421 1098 rufescens,
1471 996 1646 1096 maculis
1671 995 1853 1083 lituratis
1881 995 2017 1084 fuscis

317 1151 573 1250 minoribus,
613 1148 905 1265 inaequalibus
932 1148 1156 1236 confertim
1184 1181 1391 1265 sparsum,
1427 1147 1538 1236 infra
1565 1148 1643 1236 tin.
1669 1146 1889 1235 lateralem
1918 1180 2016 1236 sen·

316 1301 399 1388 sim
427 1302 619 1389 evanidis
648 1307 857 1418 (adeoque
887 1336 911 1388 a
939 1304 1082 1389 colore
1112 1302 1304 1387 atlantici
1332 1301 1497 1419 Scorpii
1524 1299 1867 1412 diversissimus).
1917 1307 2018 1389 Lite·

316 1462 504 1543 lateralis
529 1456 653 1542 valde
680 1455 932 1570 prominula‚
963 1486 987 1539 e
1015 1453 1139 1541 nodis
1167 1476 1213 1540 et
1238 1455 1404 1545 fossulis
1433 1455 1595 1543 alterne
1624 1449 1877 1571 prominulis
1898 1482 2012 1543 'con-

316 1628 528 1712 catenata,
585 1608 778 1725 acapite
807 1609 860 1692 ad
889 1609 1066 1692 caudam
1094 1627 1236 1711 recta,
1293 1609 1416 1693 dorso
1457 1608 1512 1692 ad
1538 1636 1561 1706 s·
1583 1604 1770 1722 propior.
1839 1608 2021 1696 Scutulo

315 1788 454 1866 ossea,
496 1758 687 1869 (circiter
713 1766 802 1871 40.)
832 1757 1122 1872 magnitudine
1151 1758 1325 1845 seminis
1353 1755 1553 1845 cannabis
1581 1756 1823 1863 dimidiati,
1862 1760 2021 1847 medio

317 1938 522 2017 concava,
554 1913 716 1997 ambitu
743 1911 921 2029 spinulis
948 1910 1212 2025 patentibus,
1268 1911 1387 2009 uncis
1415 1911 1605 2014 stellata,
1649 1909 1758 1995 serie
1785 1907 2017 2025 irregulari

316 2090 397 2147 nec
425 2059 650 2167 continua,
694 2094 818 2180 supra
846 2047 1002 2147 lineam
1032 2063 1272 2170 lateralem,
1311 2097 1334 2149 a
1362 2062 1493 2182 pinna
1523 2060 1679 2157 dorsali
1706 2059 1848 2177 priore
1875 2093 2023 2182 usque

316 2216 370 2299 ad
388 2218 565 2301 caudam
588 2213 772 2328 digesta;
800 2216 1002 2331 pluraque
1031 2226 1188 2302 minora
1214 2214 1563 2330 squamaeformia
1589 2245 1728 2331 sparsa
1755 2212 1864 2299 infra
1891 2213 2027 2307 illam

315 2364 565 2479 lineam(·).
606 2369 654 2454 Ρ.
684 2375 909 2483 pectorales
935 2367 1169 2472 maximae,
1199 2371 1467 2473 alaeformes,
1494 2366 1624 2453 radiis
1652 2363 1920 2482 simplicibus
1953 2404 2027 2481 ¹7·

310 2513 431 2601 infra
459 2516 617 2603 sensim
647 2519 935 2625 brevioribus,
969 2522 1249 2629 rufescentes,
1288 2520 1429 2607 fasciis
1454 2517 1724 2619 transversis,
1751 2519 1926 2605 lacero·
1942 2550 2030 2607 un·

314 2669 445 2774 datis,
475 2668 617 2784 quinis
645 2671 785 2758 fuscis.
843 2673 891 2758 P.
917 2679 1119 2759 ventroles
1145 2672 1456 2788 longiusculae,
1497 2671 1755 2758 triradiatae.
1819 2673 1868 2756 P.
1899 2673 2029 2761 torst

317 2829 431 2938 prior
458 2824 601 2908 radios
622 2837 661 2910 6.
693 2824 909 2929 mollium,
937 2829 1202 2911 membranas
1229 2821 1657 2942 supereminentium,
1685 2824 1800 2908 fusco
1829 2822 2031 2940 variega-

311 2994 387 3072 ta;
442 2975 607 3091 poetice
636 2978 924 3063 membranula
951 2981 1004 3063 ad
1033 2976 1147 3064 dorsi
1188 2977 1364 3093 gibbum
1407 2975 1608 3062 adstricta
1644 2983 1843 3093 posterior
1869 2975 2027 3087 latior,

312 3126 405 3211 rad.
441 3141 502 3214 16.
531 3128 672 3215 fasciis
699 3147 726 3236 4
755 3128 1198 3246 perpendicularibus,
1240 3128 1388 3234 fuscis,
1432 3151 1481 3215 ut
1507 3151 1553 3214 et
1580 3161 1623 3244 p.
1651 3137 1723 3213 ani
1755 3144 1804 3231 ¹4
1831 3127 2025 3219 radiata.

311 3278 461 3363 cauta
490 3280 702 3394 aequalis,
733 3282 874 3367 fasciis
901 3283 1033 3369 tribus
1061 3281 1305 3367 transversis
1333 3280 1482 3385 fuscis,
1512 3279 1643 3364 radiis
1676 3316 1736 3365 ιι.
1764 3277 1927 3365 bifidis.

393 3441 438 3531 β.
469 3430 610 3518 Habui
638 3456 682 3519 et
711 3433 914 3550 descripti
940 3444 1094 3554 piscem
1122 3460 1146 3517 e
1175 3433 1414 3520 Curilorum
1452 3431 1600 3517 insulis
1630 3433 1877 3535 advectum,
1938 3430 2025 3547 qui

311 3582 488 3670 omnino
515 3584 657 3701 specie
685 3583 796 3670 mihi
824 3586 995 3672 videtur
1020 3586 1208 3673 diversus
1236 3615 1348 3695 esse,
1388 3584 1493 3682 licet
1521 3581 1786 3690 simillimus,
1820 3603 1868 3668 et
1895 3590 2026 3701 cujus

362 3969 418 4064 (*)
443 3978 540 4043 Haec
568 3973 759 4064 singularis
787 3994 1016 4064 squamarum
1043 3976 1143 4073 quasi
1172 3977 1398 4044 inversorum
1427 3979 1612 4044 structura
1637 3991 1834 4062 earumque
1861 3971 2022 4045 ordines

440 4093 604 4164 alternae
644 4085 926 4184 longitudinales
963 4095 1023 4177 vel
1059 4115 1164 4166 areae
1204 4119 1270 4188 per
1307 4097 1454 4164 dorsum
1492 4102 1530 4165 et
1562 4094 1677 4164 latere
1701 4094 1942 4163 decurrentes
1967 4094 2020 4166 etl

436 4217 592 4285 caudam
618 4236 781 4306 usques
819 4215 955 4284 Tilesio
992 4224 1123 4286 exacte
1162 4216 1369 4310 descriptae
1407 4225 1446 4287 et
1482 4238 1531 4286 ex
1572 4221 1709 4285 siccato
1736 4218 1941 4305 specimine
1967 4213 2021 4285 etl
2064 4250 2071 4263 =

438 4344 606 4434 naturam
634 4337 802 4427 depictae
829 4344 912 4408 sunt
925 4386 940 4427 ,
991 4360 1064 4429 qua
1103 4339 1150 4436 de
1188 4362 1228 4409 re
1266 4349 1304 4410 et
1342 4346 1469 4408 icones
1506 4336 1667 4431 ejusdem
1692 4335 1754 4405 hie
1783 4338 2026 4413 intersertum,

443 4463 587 4555 Species
614 4462 737 4547 generi
762 4479 850 4548 ergo
877 4482 949 4528 non
974 4480 1159 4550 congrue,
1211 4466 1319 4553 piscis
1358 4481 1431 4528 non
1455 4466 1514 4528 est
1535 4460 1684 4549 proprie
1709 4454 1921 4546 elepidotus
1948 4454 2021 4527 sed

436 4573 722 4668 hemilepitlotus
760 4588 799 4651 et
836 4580 1002 4650 adventis
1040 4581 1162 4650 forsan
1214 4583 1404 4674 speciebus
1440 4583 1623 4672 Japonicis
1664 4585 1703 4648 et
1740 4556 2021 4666 Segeliensibne

435 4699 552 4790 (conf.
577 4704 727 4768 iconum
757 4705 829 4771 iter
854 4707 1218 4770 Krusensternianum
1249 4696 1511 4772 illustrantium
1535 4698 1625 4770 Teb.
1640 4700 1876 4791 lxxxvii)
1896 4714 2021 4791 genus

434 4821 560 4892 tossen
583 4839 606 4888 ι
631 4824 750 4898 eota·
776 4823 975 4917 slepidotis
999 4828 1161 4917 separari
1183 4833 1357 4897 meretur.
1410 4819 1448 4897 T
1476 4866 1488 4891 ·
1518 4870 1530 4894 .
1556 4828 1568 4892 ς
1594 4866 1607 4894 .
1633 4844 1661 4894 s.
