4404 5902
617 590 737 683 ,‚7.“
806 571 1032 667 RANA
1102 575 1423 669 variabilis.

315 852 378 932 R.
398 847 694 933 subverrucosa
724 849 1007 951 cinerescens,
1062 847 1239 934 maculis
1266 878 1388 965 supra
1416 845 1614 965 repandis
1640 849 1758 973 fusco
1773 899 1789 916 ·
1802 847 1866 936 vi·

171 995 393 1104 rentibus,
435 1001 579 1083 subtus
606 1001 776 1087 sordide
807 1003 922 1106 alba,
952 999 1108 1117 plantis
1136 998 1532 1116 sulthexadactylis,
1562 1001 1674 1086 collo
1702 1003 1865 1090 stricte.

400 1156 520 1235 uana
561 1149 798 1253 variantis,
853 1139 960 1240 Pau.
1002 1155 1143 1268 spietz.
1184 1155 1276 1238 Vn.
1322 1186 1363 1269 ρ.
1411 1188 1445 1239 t.
1488 1153 1576 1238 raa.
1616 1165 1654 1239 s.
1683 1156 1770 1270 fig.
1800 1168 1868 1260 aa.

465 1305 637 1388 Gmelin.
666 1326 772 1416 syst.
799 1310 877 1392 ΠΙ.
906 1338 946 1421 ρ.
983 1320 1098 1392 1051.
1126 1336 1189 1420 sp.
1220 1320 1286 1391 26.

373 1457 511 1545 lBufo
540 1453 888 1560 Schreberianus,
944 1461 1135 1543 Laurent.
1164 1462 1303 1574 ampla.
1331 1489 1373 1574 p.
1403 1492 1469 1570 27.
1498 1488 1540 1544 n.
1568 1494 1609 1567 7.

348 1616 525 1717 &Rana
561 1607 797 1713 sitibunda,
855 1612 963 1696 Poll.
991 1618 1079 1694 itin.
1108 1614 1144 1695 Ι.
1174 1642 1213 1725 p.
1244 1622 1339 1714 458.
1368 1641 1408 1694 n.
1444 1624 1505 1696 16.
1561 1613 1734 1696 Gmelin.
1761 1631 1868 1723 syst.

451 1768 528 1847 Ill.
558 1796 598 1879 p.
635 1773 750 1846 1050.
780 1793 842 1877 sp.
871 1779 936 1849 23.

318 1920 371 2000 In
400 1912 648 1999 australibus
691 1912 841 1998 calidis
883 1911 1081 2014 Rossiae,
1137 1913 1315 2002 desertis
1342 1911 1545 2032 caspicis,
1603 1912 1869 2002 Chersoneso

169 2068 361 2170 taurica,
418 2068 606 2154 Caucaso
647 2066 866 2179 frequens,
922 2065 1158 2153 aridissima
1186 2068 1318 2154 etiam
1343 2067 1439 2154 loca
1467 2098 1553 2153 non
1579 2064 1869 2152 reformidans.

171 2218 370 2306 Interdiu
398 2220 522 2322 latet,
569 2217 716 2331 pluvia
743 2238 994 2332 tempestate
1024 2241 1068 2303 et
1095 2218 1262 2334 vesperi
1290 2241 1486 2334 vagatum
1541 2218 1687 2335 inepte
1715 2219 1869 2304 saliens

172 2397 220 2458 et
247 2370 507 2457 brevissimis
536 2368 710 2453 saltibus
741 2397 828 2454 non
854 2372 964 2456 bene
1000 2369 1177 2483 fugiens.
1249 2369 1530 2487 Apprehensa
1567 2371 1749 2456 multum
1776 2372 1870 2455 fun-

171 2527 240 2612 dit
267 2523 433 2626 urinae,
489 2523 564 2606 sed
601 2519 836 2606 nonacris.
907 2525 1087 2635 Gyrinos
1113 2522 1160 2607 in
1189 2521 1308 2636 aquis
1337 2522 1553 2627 excludit,
1610 2544 1788 2635 suntque
1816 2520 1868 2607 lri

173 2676 385 2794 optimum
423 2675 589 2788 signum
630 2672 766 2758 dulcis
806 2697 851 2761 et
891 2677 1030 2759 bonae
1070 2705 1201 2789 aquae
1242 2672 1572 2791 hydreumatum
1597 2672 1646 2758 in
1674 2671 1872 2779 desertis,

173 2859 284 2947 quae
313 2851 360 2913 ut
389 2825 589 2944 potabilis
617 2827 689 2911 fiat
714 2855 790 2943 per
813 2825 1000 2912 linteum
1026 2827 1219 2913 filtranda
1247 2851 1325 2913 est.
1391 2831 1588 2914 Colorem
1614 2827 1872 2912 macularum

170 2981 421 3099 praesertim
451 3001 584 3064 mutat
613 3010 636 3062 a
664 2979 762 3064 loco
789 2976 969 3065 sicciore
993 2979 1063 3063 vel
1103 2978 1358 3066 humidiore.
1431 2980 1525 3065 Vox
1569 2976 1725 3063 similis
1763 3008 1868 3065 sono

170 3163 306 3250 aquae
335 3163 410 3248 per
437 3135 629 3218 tubulurn
658 3131 886 3232 effluentis,
914 3135 990 3216 sed
1017 3160 1189 3231 sonora,
1223 3132 1464 3249 vespertina
1492 3156 1538 3221 et
1563 3163 1651 3219 non
1678 3129 1867 3218 inamoe-

169 3320 249 3395 na,
279 3316 474 3373 somnum
500 3281 620 3403 quasi
647 3285 847 3389 suadens,
895 3282 969 3368 diu
996 3280 1256 3387 continuata.

610 3562 729 3664 „8.“
799 3555 1021 3647 RANA
1094 3560 1435 3679 vespertina.

318 3751 373 3832 R.
402 3747 724 3849 subvenucosa,
774 3774 897 3861 supra
925 3744 1115 3850 cinerea,
1170 3746 1335 3831 macula
1361 3740 1534 3831 verticis
1560 3743 1744 3854 bicruri,
1784 3773 1872 3832 cor·

168 3898 293 4019 poris
321 3897 702 4013 longitudinalibus
731 3896 848 3982 fusco
865 3945 877 3961 ·
893 3894 1212 3984 virescentibus.

397 4059 450 4136 R.
480 4049 741 4167 vespertina,
798 4052 906 4138 Poll.
936 4059 1024 4135 itin.
1053 4054 1088 4136 I.
1118 4085 1159 4167 p.
1188 4065 1283 4158 458.
1312 4082 1352 4137 n.
1387 4064 1449 4138 15.
1480 4051 1610 4137 Gmel.
1638 4069 1746 4164 syst.
1776 4052 1868 4136 Lin.

453 4208 530 4289 ΙΙΙ.
560 4238 600 4319 ρ.
637 4217 754 4292 1050.
783 4235 846 4320 sp.
879 4219 941 4308 24.

316 4369 369 4444 ln
397 4354 576 4443 Sibiriae
608 4355 854 4473 temperatis
880 4359 1096 4471 frequens,
1127 4384 1251 4460 voce,
1281 4357 1389 4442 saltu
1418 4356 1594 4473 inepto,
1630 4356 1872 4470 vespertino

170 4511 304 4600 exitu
329 4511 394 4598 uti
422 4498 619 4627 corpore,
661 4510 889 4596 admodum
914 4506 1188 4625 praecedenti
1217 4509 1371 4617 affinis,
1399 4507 1600 4597 distincta
1626 4533 1782 4597 tamen.
