4404 5902
1045 239 1191 288 Ε
1871 218 1963 307 585

265 438 443 525 oblatus.
499 440 565 521 Ex
594 436 772 521 aliorum
800 434 1006 524 relatione
1034 458 1078 519 et
1106 466 1131 520 e
1159 437 1299 554 capite
1326 437 1464 543 sicco,
1506 440 1623 554 quod
1660 442 1846 528 adlatum
1874 466 1951 550 est,

263 592 432 676 ridetur
459 588 668 673 Salmonis
696 587 895 671 truttacei
926 589 1143 672 anadromi
1171 619 1259 674 esse
1289 591 1489 704 speciem.
1547 597 1739 679 Rostrum
1767 599 1951 711 longum,

263 741 575 844 acuminatum,
616 742 853 843 aduncum,
897 739 1084 824 maxillis
1111 741 1324 846 dentatis,
1368 745 1554 829 dentibus
1582 747 1776 858 utrinque
1806 746 1956 833 anticis

262 894 375 981 binis
416 894 641 1007 majoribus
683 891 846 977 falcatis
890 894 976 976 lere
1017 892 1306 1006 pollicaribus.
1366 895 1653 1009 Longitudine
1696 901 1824 983 fertur
1864 930 1954 987 esse

262 1047 425 1151 ulnari,
482 1048 708 1130 admodum
743 1075 1027 1159 compressus,
1084 1044 1220 1147 latus,
1278 1045 1666 1160 sesquispithamali
1704 1050 1954 1158 latitudine,

262 1201 388 1284 dorso
418 1227 558 1283 versus
588 1220 714 1311 caput
740 1198 882 1311 gibbo,
914 1197 1090 1280 caudam
1119 1228 1261 1281 versus
1291 1198 1562 1298 adtenuatus3
1592 1212 1774 1317 squamis
1801 1205 1957 1327 parvis.

263 1358 398 1437 colore
426 1353 601 1434 obscure
630 1351 967 1448 coerulescente;
998 1347 1127 1431 etiam
1156 1348 1323 1462 pinnis;
1365 1359 1491 1464 pinno
1519 1357 1676 1439 caudae
1709 1355 1822 1460 lata,
1860 1358 1957 1444 alvo

261 1532 515 1619 compressa.
574 1503 774 1589 Ovnrium
802 1501 870 1584 illi
899 1500 990 1585 ovis
1019 1499 1209 1612 magnis,
1239 1500 1515 1615 sapidissimis
1543 1506 1767 1620 repletum,
1795 1530 1839 1593 et
1868 1541 1957 1595 cor*-

261 1684 332 1741 nes
357 1687 525 1770 quoque
557 1654 696 1770 gustui
724 1675 878 1766 gratae.
908 1658 1131 1737 Autumno·
1157 1655 1328 1737 demum
1356 1662 1440 1767 jam
1469 1655 1721 1769 frigescente
1748 1658 1795 1743 in
1823 1660 1954 1750 fluvio

262 1832 465 1923 apparet,
524 1809 771 1923 capiturque
800 1804 929 1889 rarius
959 1807 1011 1889 ad
1040 1806 1147 1890 ostia
1176 1805 1400 1891 fluviorum
1428 1809 1589 1893 Derbul
1617 1833 1661 1895 et
1691 1809 1854 1913 Chaul,
1907 1821 1954 1897 in

258 1968 493 2072 Argunum.
555 1960 780 2074 Copiosior
808 1981 948 2043 autem
979 1989 1069 2043 esse
1097 1957 1254 2044 dicitur
1283 1961 1337 2043 ad
1365 1958 1531 2055 ostium¹
1548 1962 1589 2047 fl.
1619 1966 1727 2061 Uro,
1755 1963 1829 2078 qui
1856 1994 1953 2051 cen·

255 2132 350 2195 turn
378 2113 524 2197 stadiis
551 2112 659 2195 infra
687 2117 933 2224 Argunense
961 2111 1168 2227 oppidum
1191 2116 1409 2224 Argunum
1436 2112 1561 2199 subit.
1589 2115 1801 2200 Notitiam
1830 2115 1953 2230 hujus

255 2263 387 2379 piscis
416 2267 750 2378 qualemcunque
779 2262 853 2346 hic
898 2263 1096 2349 omittere
1140 2263 1286 2366 nolui,
1329 2287 1377 2348 ut
1417 2267 1469 2349 ab
1513 2265 1633 2371 aliis,
1674 2268 1826 2383 quibus
1869 2272 1952 2361 crit

257 2414 453 2514 occasi03
482 2417 725 2500 illustretur.
781 2423 1055 2500 Truttaceurn
1082 2447 1176 2502 esse
1206 2416 1281 2501 vix
1310 2416 1492 2503 dubites.

400 2577 528 2652 Por'ro
557 2569 668 2652 inter
697 2572 960 2656 Stellcrionos
986 2568 1164 2654 schedas
1193 2592 1311 2654 extat
1338 2569 1500 2656 mentio
1527 2570 1680 2686 piscis,
1719 2590 1846 2688 qu'am
1871 2575 1949 2665 ille
2070 2660 2073 2667 .

257 2721 461 2809 siccatum
491 2752 514 2805 e
545 2720 699 2806 Curilis
744 2721 896 2806 Insulis
940 2744 1184 2836 acceperat,
1226 2721 1410 2837 ideoque
1444 2723 1692 2843 imperfecte
1727 2728 1952 2845 descripsit

255 2877 336 2962 sub
364 2873 538 2961 nomiae
566 2875 884 2987 Plagyodontis.
943 2880 1007 2977 Is,
1055 2897 1230 2989 propter
1262 2873 1435 2989 pinnam
1473 2874 1691 2991 adiposam
1716 2878 1869 2973 itidem
1899 2883 1954 2979 ad

254 3036 507 3117 Truttaceos
535 3028 750 3112 Salmones
778 3027 991 3140 pertinere
1032 3024 1221 3128 videtur,
1265 3025 1350 3110 nisi
1377 3027 1549 3111 Blennii
1574 3030 1737 3143 species
1766 3031 1821 3115 sit
1849 3061 1948 3127 ano<

254 3183 383 3271 mala.
442 3178 638 3282 „Piscem
674 3178 787 3264 hunc
829 3177 1036 3263 mirabilis
1075 3197 1304 3261 structurae
1345 3197 1389 3262 et
1427 3179 1586 3262 forame
1601 3240 1616 3278 ,
1653 3203 1750 3265 sunt
1788 3148 1951 3279 Stellati

252 3339 441 3439 ,‚rerba‚
485 3366 508 3417 a
548 3332 774 3416 latitudine
811 3352 855 3414 et
888 3329 1095 3435 tenuitate
1134 3327 1327 3413 dentium
1353 3327 1415 3413 sic
1444 3330 1628 3444 appello.
1686 3322 1830 3417 Siccus
1858 3355 1949 3419 erat

250 3487 553 3601 „longitudine
582 3504 635 3590 44
651 3485 755 3599 poll.
786 3483 937 3598 anglic.
966 3481 1189 3597 pinnarum
1216 3477 1528 3597 branchialiurn
1555 3481 1778 3598 longitudo
1803 3485 1944 3600 6poll.

251 3639 474 3747 „latitudo
495 3639 637 3753 apoll.
667 3643 765 3763 Erat
794 3637 957 3750 longus,
986 3638 1184 3739 subteres,
1214 3665 1355 3718 versus
1381 3636 1558 3719 caudam
1581 3635 1737 3721 sensim
1761 3637 1940 3743 tenuior,

249 3793 550 3911 „planiorque
610 3793 745 3901 Caput
776 3819 1001 3904 magnum,
1031 3789 1189 3890 latum,
1228 3818 1251 3871 a
1277 3785 1479 3873 lateribus
1506 3816 1817 3901 compressum,
1846 3794 1945 3873 Eso-

249 3944 348 4055 ,‚cis
404 3943 557 4029 faciem
614 3945 925 4057 quodammodo
980 3943 1186 4042 referens,
1258 3939 1434 4025 maxilla
1479 3937 1680 4025 inferiore
1727 3939 1944 4025 tantillum

248 4098 494 4211 „longiore
562 4099 767 4182 Mamillare
824 4096 974 4197 albae,
1028 4091 1300 4177 tenuissimae
1358 4093 1569 4178 lamellae.
1638 4091 1941 4206 Appendices„

249 4259 452 4369 (luminae
481 4254 736 4360 mystoceoc)
777 4247 1025 4364 „adipsum
1054 4246 1138 4332 oris
1166 4249 1355 4332 fraenum
1384 4265 1410 4349 4
1438 4246 1616 4360 pollices
1644 4245 1697 4329 ab
1727 4241 1847 4357 apice
1880 4240 1943 4326 di·

246 4401 430 4509 „stantis
459 4423 658 4484 extensae
687 4400 903 4484 denticulis
938 4420 974 4490 rt-
1002 4398 1075 4482 lin.
1107 4397 1264 4510 longis,
1293 4398 1483 4499 exsertis,
1515 4393 1778 4503 acutissimis,
1806 4422 1942 4507 aequo

247 4553 420 4672 „spatio
449 4587 472 4637 a
499 4552 732 4637 seinvicem
761 4551 1011 4636 distantibus
1039 4555 1241 4634 armatae.
1300 4555 1335 4632 E
1370 4555 1546 4633 murillo
1582 4560 1810 4662 superiore,
1851 4576 1938 4632 non

247 4709 408 4822 „longe
449 4709 501 4794 ab
537 4705 657 4822 apice
691 4704 802 4813 oris,
862 4706 945 4790 duo
986 4725 1030 4790 et
1068 4703 1177 4790 forte
1217 4704 1357 4822 plures
1372 4762 1386 4809 ,
1442 4700 1584 4816 longi,
1640 4698 1744 4808 lati,
1800 4696 1932 4816 plani,
