4404 5902
864 380 1200 492 ΑΕ·
1806 434 1867 525 rr

309 652 361 736 ln
389 639 498 731 mari
522 640 655 727 boreo
683 634 921 724 observavit
948 671 989 756 p.
1019 669 1073 726 m.
1104 642 1277 756 Collega
1303 641 1341 728 J.
1370 643 1640 758 Lepeclrln.
1683 642 1861 755 Elegan·
1948 743 1950 747 ι

165 805 260 891 tior
293 797 467 914 reliquis
511 815 556 879 et
595 787 787 906 apprime
826 788 1027 877 diversus.
1095 790 1547 907 Archangelopolitani
1590 797 1768 882 credunt
1807 793 1862 880 ad

167 958 310 1043 febres
333 946 663 1038 intermittentes
690 942 930 1058 pellendas,
973 964 1204 1030 comestum
1232 946 1446 1061 prodesse.

339 1207 416 1310 78.
471 1193 1035 1301 ANARHICHAS
1090 1205 1405 1294 orientalis.
1444 1124 1577 1292 TAB.
1614 1200 1699 1294 XI.
1827 1128 1830 1134 ·

310 1425 364 1505 Α.
394 1424 570 1532 corpore
597 1412 837 1502 ventricoso
865 1410 1106 1530 ferrugineo
1134 1419 1361 1522 nebuloso,
1401 1417 1526 1505 labiis
1553 1417 1638 1505 oris
1666 1445 1885 1522 caronam.

172 1575 291 1666 losis.

284 1721 428 1814 Rossis
456 1725 509 1808 ad
524 1719 1022 1810 Oceanumorientalem
1036 1727 1197 1844 Capela
1225 1747 1270 1812 et
1282 1729 1392 1814 Sulra
1418 1724 1528 1839 ryba
1542 1721 1677 1836 (canis
1698 1716 1863 1837 piscis.)

285 1874 482 1967 Coraecis
508 1877 710 1960 Attabbn.
769 1875 927 1965 Curitis
954 1879 1151 1994 Hannipe.
1431 1861 1435 1871 ¹
1496 1878 1500 1885 ’
1707 1880 1710 1889 '

286 2024 619 2119 Camtschadalis
644 2031 877 2141 Kbscbapel
903 2030 973 2112 vel
1002 2033 1247 2146 Koscbpela.

311 2184 383 2266 Ad
411 2180 530 2265 littus
558 2176 769 2264 orientale
797 2177 1117 2265 Camtschatcae
1144 2203 1230 2265 non·
1256 2213 1348 2270 raro
1383 2179 1579 2269 fluctibus
1608 2175 1865 2279 eliminatum

172 2365 302 2427 carne
329 2329 544 2451 praeditus
571 2326 689 2414 dulci
716 2350 760 2413 et
786 2327 984 2445 insipida.
1042 2331 1232 2419 Pascitur
1258 2334 1504 2448 praesertim
1533 2328 1723 2416 Echinia.
1780 2334 1866 2412 De·

173 2475 448 2603 scriptionem
477 2501 521 2567 e't
546 2485 787 2565 Anatomen
813 2479 925 2566 inter
963 2484 1171 2569 Stellerr’
1216 2485 1454 2570 adversaria
1491 2489 1744 2598 repertam,¹
1763 2479 1865 2593 adji-

174 2639 249 2727 cio
277 2654 532 2750 excerptam.
588 2633 758 2717 Mord'et
784 2632 1063 2738 ferocissime,
1093 2657 1138 2718 ut
1166 2635 1339 2720 baculos
1368 2658 1554 2751 arreptos
1582 2637 1757 2747 frangat.

316 2791 491 2874 Descr.
521 2787 685 2903 „Saepe
713 2781 944 2899 bipedalis,
973 2787 1104 2871 forma
1135 2789 1223 2872 fere
1251 2793 1408 2892 Lotae,
1438 2787 1474 2874 si
1503 2806 1629 2902 capul
1658 2784 1863 2902 excipias,

173 2970 409 3052 „crassum,
437 2967 694 3034 convexum,
723 2956 926 3039 retusum,
955 2939 1097 3021 subtus
1126 2940 1635 3025 buccam-ventricosum
1647 2999 1662 3038 ,
1702 2937 1864 3024 vertice

172 3115 395 3208 „angusto
465 3093 649 3176 Maxilla
688 3096 873 3203 superior
911 3089 1038 3202 paulo
1079 3089 1265 3203 longior,
1320 3096 1485 3202 inferior
1524 3088 1662 3175 latior.
1732 3090 1868 3175 Labla

176 3244 423 3356 „utriusque
452 3238 727 3342 crassissima,
782 3258 976 3341 carnosa,
1026 3240 1296 3326 maxillarum
1326 3242 1439 3358 apici
1465 3242 1657 3326 fraenulo
1688 3241 1865 3344 adnexa,

178 3398 322 3504 „intus
352 3391 496 3478 multis
537 3391 771 3476 carunculis
814 3389 975 3474 carneis
1016 3413 1060 3473 et
1101 3392 1393 3514 appendiculis
1434 3390 1647 3478 laciniatis
1685 3392 1791 3501 (fere
1819 3412 1867 3476 ut

175 3547 402 3659 ‚,canibus)
430 3542 791 3660 propendentibus
816 3540 1055 3656 inaequalia
1082 3565 1126 3627 et
1151 3573 1319 3658 rugosa,
1359 3546 1412 3658 ad
1439 3546 1571 3629 latera
1599 3540 1866 3645 crassissima,

177 3697 372 3807 „tumida
379 3758 394 3797 ,
449 3727 505 3782 ex
537 3694 638 3780 albo
676 3717 720 3780 et
761 3697 878 3779 fusco
916 3693 1141 3807 variegata.
1209 3700 1469 3812 Appendices
1495 3696 1699 3782 fraenales
1727 3721 1869 3779 osseae

179 3881 345 3958 „crassa
373 3871 469 3935 cute
504 3869 656 3933 tectae.
728 3846 912 3931 Scissura
952 3846 1037 3932 oris
1079 3850 1240 3964 ampla,
1291 3859 1422 3935 nctus
1462 3871 1628 3963 apertus
1670 3845 1868 3930 caninum

179 4000 402 4118 „apprime
428 4001 570 4085 refert.
627 4000 689 4084 Os
714 3995 826 4081 intus
854 4000 975 4102 alba,
1007 4002 1152 4103 rubro,
1183 3999 1387 4115 nigroque
1415 3999 1688 4112 variegatam.
1747 4003 1869 4086 Pala·

180 4177 300 4261 „tam
326 4152 439 4238 intus
467 4182 522 4237 ex
551 4153 647 4236 albo
676 4173 721 4233 et
746 4151 864 4234 lusco
893 4149 1068 4235 varium.
1108 4155 1280 4238 Dentes
1304 4151 1351 4236 in
1381 4151 1554 4234 maxilla
1583 4147 1796 4264 superiore
1826 4173 1870 4236 et

179 4305 307 4420 „ipso
333 4303 455 4420 apice
484 4301 570 4388 oris
594 4301 881 4417 prominentes
909 4330 984 4385 sex
1013 4301 1157 4427 canini
1181 4302 1228 4387 in
1256 4303 1564 4388 semicirculum
1582 4299 1724 4415 positi;
1751 4309 1870 4416 juxta

180 4454 296 4565 „hos
329 4491 375 4538 rn
404 4458 553 4540 dentes
580 4452 712 4556 acuti,
754 4452 911 4569 pariter
937 4453 983 4537 in
1011 4452 1322 4539 semicirculum
1350 4453 1508 4552 Iocati3
1555 4455 1608 4537 ab
1637 4449 1708 4536 his
1734 4482 1868 4537 remo·

182 4606 389 4715 „tiusculi
415 4606 462 4691 in
489 4607 632 4722 palato
658 4628 743 4691 tres
771 4605 898 4688 series
927 4605 1193 4718 duplicatae,
1232 4603 1600 4718 longitudinaliter
1626 4605 1869 4719 parallelae,

181 4759 288 4867 „cui
316 4758 521 4862 minores,
549 4755 710 4862 conici,
741 4757 992 4856 acutissimi,
1026 4756 1270 4870 similesque
1298 4755 1346 4841 in
1373 4754 1548 4839 maxilla
1575 4752 1776 4838 inferiore
1804 4784 1873 4840 eo-

180 4913 399 5030 „demque
425 4939 625 5021 numero,
652 4905 905 5029 pectinatim
933 4937 1031 4997 cum
1058 4906 1341 5027 superioribus
1368 4920 1594 5015 coemite&
1631 4903 1789 4995 dehinc
1817 4910 1874 4995 ad
