<?xml version="1.0" encoding="UTF-8"?>
<!DOCTYPE html PUBLIC "-//W3C//DTD XHTML 1.0 Transitional//EN"
    "http://www.w3.org/TR/xhtml1/DTD/xhtml1-transitional.dtd">
<html xmlns="http://www.w3.org/1999/xhtml" xml:lang="en" lang="en">
 <head>
  <title>
</title>
<meta http-equiv="Content-Type" content="text/html;charset=utf-8" />
  <meta name='ocr-system' content='tesseract 3.04.00' />
  <meta name='ocr-capabilities' content='ocr_page ocr_carea ocr_par ocr_line ocrx_word'/>
</head>
<body>
  <div class='ocr_page' id='page_1' title='image "./zoographiarosso00pallgoog_0040.png"; bbox 0 0 4404 5902; ppageno 0'>
   <div class='ocr_carea' id='block_1_1' title="bbox 866 375 1779 469">
    <p class='ocr_par' dir='ltr' id='par_1_1' title="bbox 866 375 1779 469">
     <span class='ocr_line' id='line_1_1' title="bbox 866 375 1779 469; baseline 0.01 -28"><span class='ocrx_word' id='word_1_1' title='bbox 866 375 1019 441; x_wconf 54' lang='grc' dir='ltr'><strong>ει-</strong></span> <span class='ocrx_word' id='word_1_2' title='bbox 1724 382 1779 469; x_wconf 78' lang='lat'><strong>²3</strong></span> 
     </span>
    </p>
   </div>
   <div class='ocr_carea' id='block_1_2' title="bbox 69 583 1874 2223">
    <p class='ocr_par' dir='ltr' id='par_1_2' title="bbox 69 583 1874 2223">
     <span class='ocr_line' id='line_1_2' title="bbox 93 583 1835 702; baseline -0.003 -22"><span class='ocrx_word' id='word_1_3' title='bbox 93 589 362 680; x_wconf 86' lang='lat' dir='ltr'><strong>creberrimis</strong></span> <span class='ocrx_word' id='word_1_4' title='bbox 403 586 623 696; x_wconf 85' lang='lat' dir='ltr'><strong>irroratus,</strong></span> <span class='ocrx_word' id='word_1_5' title='bbox 670 590 828 675; x_wconf 69' lang='lat' dir='ltr'><strong>‘subtus</strong></span> <span class='ocrx_word' id='word_1_6' title='bbox 865 584 1035 674; x_wconf 73' lang='lat' dir='ltr'><strong>sordide</strong></span> <span class='ocrx_word' id='word_1_7' title='bbox 1077 586 1220 692; x_wconf 86' lang='lat' dir='ltr'><strong>albus,</strong></span> <span class='ocrx_word' id='word_1_8' title='bbox 1282 585 1408 673; x_wconf 88' lang='lat' dir='ltr'><strong>litura</strong></span> <span class='ocrx_word' id='word_1_9' title='bbox 1435 583 1566 673; x_wconf 83' lang='lat' dir='ltr'><strong>stemi</strong></span> <span class='ocrx_word' id='word_1_10' title='bbox 1592 583 1713 702; x_wconf 89' lang='lat' dir='ltr'><strong>nigra</strong></span> <span class='ocrx_word' id='word_1_11' title='bbox 1739 611 1784 675; x_wconf 89' lang='lat' dir='ltr'><strong>et</strong></span> <span class='ocrx_word' id='word_1_12' title='bbox 1824 636 1835 653; x_wconf 77' lang='lat'><strong>.</strong></span> 
     </span>
     <span class='ocr_line' id='line_1_3' title="bbox 69 738 1783 854; baseline -0.004 -22"><span class='ocrx_word' id='word_1_13' title='bbox 69 748 228 832; x_wconf 77' lang='lat' dir='ltr'><strong>cauda</strong></span> <span class='ocrx_word' id='word_1_14' title='bbox 267 747 410 829; x_wconf 84' lang='lat' dir='ltr'><strong>subtus</strong></span> <span class='ocrx_word' id='word_1_15' title='bbox 456 744 510 828; x_wconf 89' lang='lat' dir='ltr'><strong>ad</strong></span> <span class='ocrx_word' id='word_1_16' title='bbox 549 775 568 843; x_wconf 49' lang='grc' dir='ltr'>ᾗ</span> <span class='ocrx_word' id='word_1_17' title='bbox 609 764 709 828; x_wconf 88' lang='lat' dir='ltr'><strong>atra.</strong></span> <span class='ocrx_word' id='word_1_18' title='bbox 766 750 816 826; x_wconf 91' lang='lat' dir='ltr'><strong>In</strong></span> <span class='ocrx_word' id='word_1_19' title='bbox 832 738 1028 851; x_wconf 74' lang='lat' dir='ltr'><strong><em>foeminis</em></strong></span> <span class='ocrx_word' id='word_1_20' title='bbox 1068 742 1200 846; x_wconf 81' lang='lat' dir='ltr'><strong>cauda</strong></span> <span class='ocrx_word' id='word_1_21' title='bbox 1236 743 1290 825; x_wconf 88' lang='lat' dir='ltr'><strong>ab</strong></span> <span class='ocrx_word' id='word_1_22' title='bbox 1325 771 1405 826; x_wconf 86' lang='lat' dir='ltr'><strong>ano</strong></span> <span class='ocrx_word' id='word_1_23' title='bbox 1435 743 1488 826; x_wconf 88' lang='lat' dir='ltr'><strong>ad</strong></span> <span class='ocrx_word' id='word_1_24' title='bbox 1516 738 1783 854; x_wconf 84' lang='lat' dir='ltr'><strong>nigredinem</strong></span> 
     </span>
     <span class='ocr_line' id='line_1_4' title="bbox 92 892 1784 1014; baseline -0.004 -31"><span class='ocrx_word' id='word_1_25' title='bbox 92 894 231 1014; x_wconf 78' lang='lat' dir='ltr'><strong>epicis</strong></span> <span class='ocrx_word' id='word_1_26' title='bbox 270 892 489 1010; x_wconf 82' lang='lat' dir='ltr'><strong>sulphurei</strong></span> <span class='ocrx_word' id='word_1_27' title='bbox 526 892 692 980; x_wconf 86' lang='lat' dir='ltr'><strong>coloris.</strong></span> <span class='ocrx_word' id='word_1_28' title='bbox 764 901 814 980; x_wconf 90' lang='lat' dir='ltr'><strong>In</strong></span> <span class='ocrx_word' id='word_1_29' title='bbox 854 900 1048 979; x_wconf 81' lang='lat' dir='ltr'><strong>masculis</strong></span> <span class='ocrx_word' id='word_1_30' title='bbox 1087 894 1219 978; x_wconf 84' lang='lat' dir='ltr'><strong>cauda</strong></span> <span class='ocrx_word' id='word_1_31' title='bbox 1244 892 1336 978; x_wconf 88' lang='lat' dir='ltr'><strong>basi</strong></span> <span class='ocrx_word' id='word_1_32' title='bbox 1366 892 1570 998; x_wconf 82' lang='lat' dir='ltr'>crassior,</span> <span class='ocrx_word' id='word_1_33' title='bbox 1612 913 1784 1009; x_wconf 85' lang='lat' dir='ltr'><strong>propter</strong></span> 
     </span>
     <span class='ocr_line' id='line_1_5' title="bbox 91 1035 1784 1162; baseline -0.001 -29"><span class='ocrx_word' id='word_1_34' title='bbox 91 1048 272 1133; x_wconf 82' lang='lat' dir='ltr'><strong>latentes</strong></span> <span class='ocrx_word' id='word_1_35' title='bbox 300 1075 448 1160; x_wconf 84' lang='lat' dir='ltr'><strong>penes,</strong></span> <span class='ocrx_word' id='word_1_36' title='bbox 491 1047 706 1162; x_wconf 78' lang='lat' dir='ltr'><strong>pressione</strong></span> <span class='ocrx_word' id='word_1_37' title='bbox 746 1035 887 1132; x_wconf 82' lang='lat' dir='ltr'><strong>facile</strong></span> <span class='ocrx_word' id='word_1_38' title='bbox 912 1046 1232 1161; x_wconf 75' lang='lat' dir='ltr'><strong>protendendus.</strong></span> <span class='ocrx_word' id='word_1_39' title='bbox 1321 1047 1554 1158; x_wconf 79' lang='lat' dir='ltr'><strong>Longitndo</strong></span> <span class='ocrx_word' id='word_1_40' title='bbox 1594 1065 1684 1129; x_wconf 89' lang='lat' dir='ltr'><strong>tota</strong></span> <span class='ocrx_word' id='word_1_41' title='bbox 1723 1047 1784 1131; x_wconf 70' lang='grc' dir='ltr'><strong>δ”.</strong></span> 
     </span>
     <span class='ocr_line' id='line_1_6' title="bbox 93 1196 1785 1314; baseline -0.003 -27"><span class='ocrx_word' id='word_1_42' title='bbox 93 1201 168 1287; x_wconf 64' lang='lat'><strong>6¹⁸.</strong></span> <span class='ocrx_word' id='word_1_43' title='bbox 194 1228 293 1282; x_wconf 90' lang='lat' dir='ltr'><strong>raro</strong></span> <span class='ocrx_word' id='word_1_44' title='bbox 331 1204 490 1310; x_wconf 88' lang='lat' dir='ltr'><strong>major;</strong></span> <span class='ocrx_word' id='word_1_45' title='bbox 547 1202 710 1284; x_wconf 85' lang='lat' dir='ltr'><strong>caudae</strong></span> <span class='ocrx_word' id='word_1_46' title='bbox 746 1200 804 1285; x_wconf 69' lang='grc' dir='ltr'><strong>δ”.</strong></span> <span class='ocrx_word' id='word_1_47' title='bbox 850 1197 923 1314; x_wconf 75' lang='grc'><strong>7”.</strong></span> <span class='ocrx_word' id='word_1_48' title='bbox 960 1196 1116 1312; x_wconf 88' lang='lat' dir='ltr'><strong>capitis</strong></span> <span class='ocrx_word' id='word_1_49' title='bbox 1153 1198 1238 1312; x_wconf 56' lang='grc' dir='ltr'><strong>ρξ’.</strong></span> <span class='ocrx_word' id='word_1_50' title='bbox 1293 1200 1482 1312; x_wconf 78' lang='lat' dir='ltr'><strong>ejusdem</strong></span> <span class='ocrx_word' id='word_1_51' title='bbox 1521 1197 1703 1282; x_wconf 88' lang='lat' dir='ltr'><strong>latitudo</strong></span> <span class='ocrx_word' id='word_1_52' title='bbox 1731 1196 1785 1282; x_wconf 87' lang='lat' dir='ltr'><strong>ad</strong></span> 
     </span>
     <span class='ocr_line' id='line_1_7' title="bbox 91 1347 1782 1468; baseline 0 -33"><span class='ocrx_word' id='word_1_53' title='bbox 91 1350 309 1468; x_wconf 85' lang='lat' dir='ltr'><strong>parotides·</strong></span> <span class='ocrx_word' id='word_1_54' title='bbox 334 1355 405 1457; x_wconf 85' lang='lat'>9&#39;&#39;‘.</span> <span class='ocrx_word' id='word_1_55' title='bbox 449 1349 635 1437; x_wconf 77' lang='lat' dir='ltr'>altitudo</span> <span class='ocrx_word' id='word_1_56' title='bbox 660 1353 729 1438; x_wconf 81' lang='grc'><strong>6’”.</strong></span> <span class='ocrx_word' id='word_1_57' title='bbox 776 1348 976 1435; x_wconf 81' lang='lat' dir='ltr'><strong>distantia</strong></span> <span class='ocrx_word' id='word_1_58' title='bbox 1002 1349 1122 1432; x_wconf 86' lang='lat' dir='ltr'><strong>inter</strong></span> <span class='ocrx_word' id='word_1_59' title='bbox 1143 1349 1287 1433; x_wconf 86' lang='lat' dir='ltr'><strong>oculos</strong></span> <span class='ocrx_word' id='word_1_60' title='bbox 1315 1350 1404 1454; x_wconf 64' lang='lat' dir='ltr'><strong>tem.</strong></span> <span class='ocrx_word' id='word_1_61' title='bbox 1434 1347 1583 1463; x_wconf 90' lang='lat' dir='ltr'><strong>longit.</strong></span> <span class='ocrx_word' id='word_1_62' title='bbox 1612 1347 1782 1435; x_wconf 86' lang='lat' dir='ltr'><strong>humeri</strong></span> 
     </span>
     <span class='ocr_line' id='line_1_8' title="bbox 91 1500 1782 1615; baseline -0.002 -24"><span class='ocrx_word' id='word_1_63' title='bbox 91 1506 165 1591; x_wconf 65' lang='lat'><strong>8⁴⁰.</strong></span> <span class='ocrx_word' id='word_1_64' title='bbox 195 1500 452 1587; x_wconf 85' lang='lat' dir='ltr'><strong>antibrachii</strong></span> <span class='ocrx_word' id='word_1_65' title='bbox 480 1503 565 1592; x_wconf 71' lang='lat' dir='ltr'><strong>5l&#39;&#39;&#39;.</strong></span> <span class='ocrx_word' id='word_1_66' title='bbox 607 1503 779 1615; x_wconf 82' lang='lat' dir='ltr'><strong>palmae</strong></span> <span class='ocrx_word' id='word_1_67' title='bbox 802 1533 902 1586; x_wconf 89' lang='lat' dir='ltr'><strong>cum</strong></span> <span class='ocrx_word' id='word_1_68' title='bbox 926 1529 1070 1614; x_wconf 90' lang='lat' dir='ltr'><strong>ungue·</strong></span> <span class='ocrx_word' id='word_1_69' title='bbox 1093 1507 1162 1585; x_wconf 59' lang='lat' dir='ltr'><strong>om.</strong></span> <span class='ocrx_word' id='word_1_70' title='bbox 1204 1500 1375 1585; x_wconf 77' lang='lat' dir='ltr'><strong>femoris</strong></span> <span class='ocrx_word' id='word_1_71' title='bbox 1404 1511 1493 1611; x_wconf 67' lang='lat'><strong>9;‘&#39;&#39;.</strong></span> <span class='ocrx_word' id='word_1_72' title='bbox 1526 1501 1658 1587; x_wconf 90' lang='lat' dir='ltr'><strong>tibiae</strong></span> <span class='ocrx_word' id='word_1_73' title='bbox 1694 1512 1782 1609; x_wconf 63' lang='lat'><strong>9;&#39;“.</strong></span> 
     </span>
     <span class='ocr_line' id='line_1_9' title="bbox 90 1651 1785 1772; baseline 0.002 -34"><span class='ocrx_word' id='word_1_74' title='bbox 90 1655 263 1772; x_wconf 80' lang='lat' dir='ltr'><strong>plantae</strong></span> <span class='ocrx_word' id='word_1_75' title='bbox 317 1655 374 1738; x_wconf 81' lang='lat' dir='ltr'><strong>r“.</strong></span> <span class='ocrx_word' id='word_1_76' title='bbox 422 1654 486 1740; x_wconf 50' lang='lat' dir='ltr'><strong>gv,</strong></span> <span class='ocrx_word' id='word_1_77' title='bbox 536 1652 663 1766; x_wconf 88' lang='lat' dir='ltr'><strong>digiti</strong></span> <span class='ocrx_word' id='word_1_78' title='bbox 714 1652 952 1767; x_wconf 82' lang='lat' dir='ltr'><strong>longissimi</strong></span> <span class='ocrx_word' id='word_1_79' title='bbox 1000 1681 1099 1736; x_wconf 89' lang='lat' dir='ltr'><strong>cum</strong></span> <span class='ocrx_word' id='word_1_80' title='bbox 1136 1679 1273 1765; x_wconf 88' lang='lat' dir='ltr'><strong>ungue</strong></span> <span class='ocrx_word' id='word_1_81' title='bbox 1314 1660 1398 1762; x_wconf 57' lang='lat' dir='ltr'><strong>7sm.</strong></span> <span class='ocrx_word' id='word_1_82' title='bbox 1439 1651 1646 1766; x_wconf 90' lang='lat' dir='ltr'><strong>unguium</strong></span> <span class='ocrx_word' id='word_1_83' title='bbox 1702 1654 1785 1746; x_wconf 61' lang='lat' dir='ltr'><strong>rem.</strong></span> 
     </span>
     <span class='ocr_line' id='line_1_10' title="bbox 90 1802 1783 1918; baseline 0.001 -27"><span class='ocrx_word' id='word_1_84' title='bbox 90 1810 267 1891; x_wconf 76' lang='lat' dir='ltr'><strong>Tractus</strong></span> <span class='ocrx_word' id='word_1_85' title='bbox 296 1812 543 1891; x_wconf 78' lang='lat' dir='ltr'><strong>intestinolis</strong></span> <span class='ocrx_word' id='word_1_86' title='bbox 565 1803 830 1918; x_wconf 72' lang='lat' dir='ltr'><strong>longitudine</strong></span> <span class='ocrx_word' id='word_1_87' title='bbox 857 1802 1013 1890; x_wconf 86' lang='lat' dir='ltr'><strong>trunci.</strong></span> <span class='ocrx_word' id='word_1_88' title='bbox 1083 1804 1367 1888; x_wconf 80' lang='lat' dir='ltr'><strong>Peritonoenm</strong></span> <span class='ocrx_word' id='word_1_89' title='bbox 1395 1824 1544 1889; x_wconf 87' lang='lat' dir='ltr'><strong>atrum.</strong></span> <span class='ocrx_word' id='word_1_90' title='bbox 1603 1810 1783 1893; x_wconf 80' lang='lat' dir='ltr'><strong>Coccum</strong></span> 
     </span>
     <span class='ocr_line' id='line_1_11' title="bbox 88 1932 1874 2070; baseline -0.001 -26"><span class='ocrx_word' id='word_1_91' title='bbox 88 1957 408 2060; x_wconf 79' lang='lat' dir='ltr'><strong>brevissimum,</strong></span> <span class='ocrx_word' id='word_1_92' title='bbox 465 1957 684 2060; x_wconf 77' lang='lat' dir='ltr'><strong>conicum,</strong></span> <span class='ocrx_word' id='word_1_93' title='bbox 742 1959 794 2041; x_wconf 90' lang='lat' dir='ltr'><strong>ab</strong></span> <span class='ocrx_word' id='word_1_94' title='bbox 833 1977 1024 2070; x_wconf 81' lang='lat' dir='ltr'><strong>apertura</strong></span> <span class='ocrx_word' id='word_1_95' title='bbox 1052 1952 1160 2039; x_wconf 88' lang='lat' dir='ltr'><strong>recti</strong></span> <span class='ocrx_word' id='word_1_96' title='bbox 1185 1954 1295 2038; x_wconf 89' lang='lat' dir='ltr'><strong>ultra</strong></span> <span class='ocrx_word' id='word_1_97' title='bbox 1322 1954 1528 2069; x_wconf 82' lang='lat' dir='ltr'><strong>pollicem</strong></span> <span class='ocrx_word' id='word_1_98' title='bbox 1554 1976 1783 2043; x_wconf 79' lang='lat' dir='ltr'><strong>remotum.</strong></span> <span class='ocrx_word' id='word_1_99' title='bbox 1869 1932 1874 1942; x_wconf 31' lang='grc' dir='ltr'><em>Ι</em></span> 
     </span>
     <span class='ocr_line' id='line_1_12' title="bbox 90 2105 1410 2223; baseline -0.003 -26"><span class='ocrx_word' id='word_1_100' title='bbox 90 2111 350 2197; x_wconf 80' lang='lat' dir='ltr'><strong>Ventriculus</strong></span> <span class='ocrx_word' id='word_1_101' title='bbox 377 2107 653 2223; x_wconf 83' lang='lat' dir='ltr'><strong>cylindricus,</strong></span> <span class='ocrx_word' id='word_1_102' title='bbox 690 2106 816 2194; x_wconf 77' lang='lat' dir='ltr'><strong>larris</strong></span> <span class='ocrx_word' id='word_1_103' title='bbox 841 2105 1220 2223; x_wconf 76' lang='lat' dir='ltr'><strong>lepidopterorum</strong></span> <span class='ocrx_word' id='word_1_104' title='bbox 1247 2105 1410 2220; x_wconf 85' lang='lat' dir='ltr'><strong>plenus.</strong></span> 
     </span>
    </p>
   </div>
   <div class='ocr_carea' id='block_1_3' title="bbox 152 2366 1729 2519">
    <p class='ocr_par' dir='ltr' id='par_1_3' title="bbox 152 2366 1729 2519">
     <span class='ocr_line' id='line_1_13' title="bbox 152 2366 1729 2519; baseline 0 -45"><span class='ocrx_word' id='word_1_105' title='bbox 152 2406 230 2499; x_wconf 79' lang='lat'><strong>19.</strong></span> <span class='ocrx_word' id='word_1_106' title='bbox 294 2376 697 2471; x_wconf 81' lang='lat' dir='ltr'><strong>LACERTA</strong></span> <span class='ocrx_word' id='word_1_107' title='bbox 751 2379 1212 2519; x_wconf 78' lang='lat' dir='ltr'><strong>sanguinolento.</strong></span> <span class='ocrx_word' id='word_1_108' title='bbox 1273 2377 1404 2469; x_wconf 82' lang='lat' dir='ltr'><em>TAB.</em></span> <span class='ocrx_word' id='word_1_109' title='bbox 1443 2378 1523 2467; x_wconf 91' lang='lat' dir='ltr'><strong>IV.</strong></span> <span class='ocrx_word' id='word_1_110' title='bbox 1550 2366 1641 2500; x_wconf 80' lang='lat' dir='ltr'><strong>sig.</strong></span> <span class='ocrx_word' id='word_1_111' title='bbox 1682 2404 1729 2474; x_wconf 73' lang='lat'><strong>2.</strong></span> 
     </span>
    </p>
   </div>
   <div class='ocr_carea' id='block_1_4' title="bbox 94 2562 1790 3441">
    <p class='ocr_par' dir='ltr' id='par_1_4' title="bbox 94 2562 1790 3441">
     <span class='ocr_line' id='line_1_14' title="bbox 232 2562 1786 2689; baseline 0.001 -41"><span class='ocrx_word' id='word_1_112' title='bbox 232 2570 279 2650; x_wconf 82' lang='lat' dir='ltr'><strong>L.</strong></span> <span class='ocrx_word' id='word_1_113' title='bbox 310 2566 492 2680; x_wconf 83' lang='lat' dir='ltr'><strong>squamis</strong></span> <span class='ocrx_word' id='word_1_114' title='bbox 521 2565 720 2653; x_wconf 84' lang='lat' dir='ltr'><strong>carinatis</strong></span> <span class='ocrx_word' id='word_1_115' title='bbox 740 2565 976 2661; x_wconf 88' lang='lat' dir='ltr'><strong>imbricata,</strong></span> <span class='ocrx_word' id='word_1_116' title='bbox 1004 2563 1188 2680; x_wconf 92' lang='lat' dir='ltr'><strong>occipite</strong></span> <span class='ocrx_word' id='word_1_117' title='bbox 1202 2562 1420 2667; x_wconf 77' lang='lat' dir='ltr'><strong>muricem,</strong></span> <span class='ocrx_word' id='word_1_118' title='bbox 1452 2592 1634 2678; x_wconf 84' lang='lat' dir='ltr'><strong>corpore</strong></span> <span class='ocrx_word' id='word_1_119' title='bbox 1643 2563 1786 2689; x_wconf 84' lang='lat' dir='ltr'><strong>fasciis</strong></span> 
     </span>
     <span class='ocr_line' id='line_1_15' title="bbox 94 2697 1531 2832; baseline -0.004 -28"><span class='ocrx_word' id='word_1_120' title='bbox 94 2716 338 2804; x_wconf 80' lang='lat' dir='ltr'><strong>transversis</strong></span> <span class='ocrx_word' id='word_1_121' title='bbox 367 2717 501 2803; x_wconf 90' lang='lat' dir='ltr'><strong>rubris</strong></span> <span class='ocrx_word' id='word_1_122' title='bbox 532 2717 765 2832; x_wconf 87' lang='lat' dir='ltr'><strong>variegato,</strong></span> <span class='ocrx_word' id='word_1_123' title='bbox 796 2719 929 2803; x_wconf 88' lang='lat' dir='ltr'><strong>cauda</strong></span> <span class='ocrx_word' id='word_1_124' title='bbox 956 2738 1128 2800; x_wconf 87' lang='lat' dir='ltr'><strong>tenuata</strong></span> <span class='ocrx_word' id='word_1_125' title='bbox 1156 2712 1416 2829; x_wconf 85' lang='lat' dir='ltr'><strong>longissima.</strong></span> <span class='ocrx_word' id='word_1_126' title='bbox 1449 2697 1452 2703; x_wconf 49' lang='grc'><strong>’</strong></span> <span class='ocrx_word' id='word_1_127' title='bbox 1529 2746 1531 2751; x_wconf 74' lang='grc'><strong>’</strong></span> 
     </span>
     <span class='ocr_line' id='line_1_16' title="bbox 319 2871 1207 2986; baseline -0.001 -33"><span class='ocrx_word' id='word_1_128' title='bbox 319 2876 494 2957; x_wconf 81' lang='lat' dir='ltr'><strong>Lacerta</strong></span> <span class='ocrx_word' id='word_1_129' title='bbox 520 2875 710 2986; x_wconf 83' lang='lat' dir='ltr'><strong>Agame,</strong></span> <span class='ocrx_word' id='word_1_130' title='bbox 766 2871 974 2955; x_wconf 66' lang='lat' dir='ltr'><strong>Griltlenst.</strong></span> <span class='ocrx_word' id='word_1_131' title='bbox 1005 2889 1088 2954; x_wconf 85' lang='lat' dir='ltr'><strong>not.</strong></span> <span class='ocrx_word' id='word_1_132' title='bbox 1118 2871 1207 2952; x_wconf 73' lang='lat' dir='ltr'><strong>MS.</strong></span> 
     </span>
     <span class='ocr_line' id='line_1_17' title="bbox 233 3019 1790 3138; baseline 0.004 -32"><span class='ocrx_word' id='word_1_133' title='bbox 233 3020 430 3138; x_wconf 84' lang='lat' dir='ltr'><strong>Speciem</strong></span> <span class='ocrx_word' id='word_1_134' title='bbox 456 3021 693 3135; x_wconf 85' lang='lat' dir='ltr'><strong>insignem,</strong></span> <span class='ocrx_word' id='word_1_135' title='bbox 736 3051 856 3105; x_wconf 87' lang='lat' dir='ltr'><strong>ame</strong></span> <span class='ocrx_word' id='word_1_136' title='bbox 885 3052 976 3105; x_wconf 90' lang='lat' dir='ltr'><strong>non·</strong></span> <span class='ocrx_word' id='word_1_137' title='bbox 997 3023 1279 3125; x_wconf 81' lang='lat' dir='ltr'><strong>observatam,</strong></span> <span class='ocrx_word' id='word_1_138' title='bbox 1315 3019 1362 3105; x_wconf 88' lang='lat' dir='ltr'><strong>in</strong></span> <span class='ocrx_word' id='word_1_139' title='bbox 1390 3022 1571 3110; x_wconf 80' lang='lat' dir='ltr'><strong>colhbus</strong></span> <span class='ocrx_word' id='word_1_140' title='bbox 1600 3023 1790 3113; x_wconf 83' lang='lat' dir='ltr'><strong>arenosis</strong></span> 
     </span>
     <span class='ocr_line' id='line_1_18' title="bbox 96 3149 1786 3262; baseline 0.003 -5"><span class='ocrx_word' id='word_1_141' title='bbox 96 3179 205 3257; x_wconf 80' lang='lat' dir='ltr'><strong>llum</strong></span> <span class='ocrx_word' id='word_1_142' title='bbox 222 3221 237 3238; x_wconf 94' lang='lat'><strong>·</strong></span> <span class='ocrx_word' id='word_1_143' title='bbox 254 3175 450 3257; x_wconf 78' lang='lat' dir='ltr'><strong>Ankatar</strong></span> <span class='ocrx_word' id='word_1_144' title='bbox 468 3172 600 3258; x_wconf 83' lang='lat' dir='ltr'><strong>dictis</strong></span> <span class='ocrx_word' id='word_1_145' title='bbox 624 3176 678 3257; x_wconf 86' lang='lat' dir='ltr'><strong>ad</strong></span> <span class='ocrx_word' id='word_1_146' title='bbox 703 3179 838 3258; x_wconf 84' lang='lat' dir='ltr'><strong>Terec</strong></span> <span class='ocrx_word' id='word_1_147' title='bbox 866 3176 908 3258; x_wconf 81' lang='lat' dir='ltr'><strong>fl.</strong></span> <span class='ocrx_word' id='word_1_148' title='bbox 936 3171 1112 3257; x_wconf 81' lang='lat' dir='ltr'><strong>invenit</strong></span> <span class='ocrx_word' id='word_1_149' title='bbox 1154 3174 1529 3261; x_wconf 79' lang='lat' dir='ltr'><strong>Gr&#39;t&#39;ldenstoedt</strong></span> <span class='ocrx_word' id='word_1_150' title='bbox 1546 3149 1602 3261; x_wconf 27' lang='lat' dir='ltr'><strong>&#39;et</strong></span> <span class='ocrx_word' id='word_1_151' title='bbox 1629 3176 1786 3262; x_wconf 80' lang='lat' dir='ltr'><strong>deseri·</strong></span> 
     </span>
     <span class='ocr_line' id='line_1_19' title="bbox 96 3298 1629 3441; baseline 0.001 -32"><span class='ocrx_word' id='word_1_152' title='bbox 96 3325 286 3441; x_wconf 86' lang='lat' dir='ltr'><strong>ptionem</strong></span> <span class='ocrx_word' id='word_1_153' title='bbox 315 3354 410 3409; x_wconf 88' lang='lat' dir='ltr'><strong>cum</strong></span> <span class='ocrx_word' id='word_1_154' title='bbox 436 3324 560 3410; x_wconf 78' lang='lat' dir='ltr'><strong>icone</strong></span> <span class='ocrx_word' id='word_1_155' title='bbox 587 3324 780 3440; x_wconf 74' lang='lat' dir='ltr'><strong>reliquit.</strong></span> <span class='ocrx_word' id='word_1_156' title='bbox 1623 3298 1629 3311; x_wconf 47' lang='grc'>’</span> 
     </span>
    </p>
   </div>
   <div class='ocr_carea' id='block_1_5' title="bbox 236 3448 1787 3594">
    <p class='ocr_par' dir='ltr' id='par_1_5' title="bbox 236 3448 1787 3594">
     <span class='ocr_line' id='line_1_20' title="bbox 236 3448 1787 3594; baseline 0.003 -33"><span class='ocrx_word' id='word_1_157' title='bbox 236 3479 412 3562; x_wconf 79' lang='lat' dir='ltr'><strong>Descr.</strong></span> <span class='ocrx_word' id='word_1_158' title='bbox 469 3481 637 3592; x_wconf 80' lang='lat' dir='ltr'><strong>„Caput</strong></span> <span class='ocrx_word' id='word_1_159' title='bbox 662 3501 816 3563; x_wconf 78' lang='lat' dir='ltr'><strong>orato·</strong></span> <span class='ocrx_word' id='word_1_160' title='bbox 831 3478 1106 3594; x_wconf 81' lang='lat' dir='ltr'><strong>triangulum,</strong></span> <span class='ocrx_word' id='word_1_161' title='bbox 1166 3480 1429 3593; x_wconf 77' lang='lat' dir='ltr'><strong>depressum,</strong></span> <span class='ocrx_word' id='word_1_162' title='bbox 1488 3448 1787 3592; x_wconf 58' lang='lat' dir='ltr'><strong>majusculum,</strong></span> 
     </span>
    </p>
   </div>
   <div class='ocr_carea' id='block_1_6' title="bbox 103 3627 1892 4958">
    <p class='ocr_par' dir='ltr' id='par_1_6' title="bbox 103 3627 1892 4958">
     <span class='ocr_line' id='line_1_21' title="bbox 103 3627 1790 3744; baseline 0.005 -33"><span class='ocrx_word' id='word_1_163' title='bbox 103 3627 391 3743; x_wconf 85' lang='lat' dir='ltr'><strong>„parotidibus</strong></span> <span class='ocrx_word' id='word_1_164' title='bbox 419 3630 797 3744; x_wconf 84' lang='lat' dir='ltr'><strong>protuberantibus.</strong></span> <span class='ocrx_word' id='word_1_165' title='bbox 854 3634 986 3718; x_wconf 84' lang='lat' dir='ltr'><strong>Nares</strong></span> <span class='ocrx_word' id='word_1_166' title='bbox 1013 3633 1280 3737; x_wconf 81' lang='lat' dir='ltr'><strong>rotundatas,</strong></span> <span class='ocrx_word' id='word_1_167' title='bbox 1307 3628 1531 3729; x_wconf 85' lang='lat' dir='ltr'><strong>minimae,</strong></span> <span class='ocrx_word' id='word_1_168' title='bbox 1559 3633 1614 3719; x_wconf 91' lang='lat' dir='ltr'><strong>ad</strong></span> <span class='ocrx_word' id='word_1_169' title='bbox 1653 3632 1790 3719; x_wconf 80' lang='lat' dir='ltr'><strong>latere</strong></span> 
     </span>
     <span class='ocr_line' id='line_1_22' title="bbox 106 3777 1783 3900; baseline 0.006 -38"><span class='ocrx_word' id='word_1_170' title='bbox 106 3777 266 3881; x_wconf 76' lang='lat' dir='ltr'><strong>„rostri</strong></span> <span class='ocrx_word' id='word_1_171' title='bbox 324 3780 445 3866; x_wconf 71' lang='lat' dir='ltr'><strong>Ocuh</strong></span> <span class='ocrx_word' id='word_1_172' title='bbox 476 3780 602 3885; x_wconf 84' lang='lat' dir='ltr'><strong>fusci,</strong></span> <span class='ocrx_word' id='word_1_173' title='bbox 655 3781 701 3866; x_wconf 90' lang='lat' dir='ltr'><strong>in</strong></span> <span class='ocrx_word' id='word_1_174' title='bbox 729 3785 838 3868; x_wconf 85' lang='lat' dir='ltr'><strong>fossa</strong></span> <span class='ocrx_word' id='word_1_175' title='bbox 865 3783 1035 3870; x_wconf 87' lang='lat' dir='ltr'><strong>laterali</strong></span> <span class='ocrx_word' id='word_1_176' title='bbox 1061 3782 1233 3900; x_wconf 82' lang='lat' dir='ltr'><strong>capitis,</strong></span> <span class='ocrx_word' id='word_1_177' title='bbox 1290 3793 1480 3898; x_wconf 83' lang='lat' dir='ltr'><strong>operculo</strong></span> <span class='ocrx_word' id='word_1_178' title='bbox 1507 3781 1783 3892; x_wconf 83' lang='lat' dir='ltr'><strong>horizontali,</strong></span> 
     </span>
     <span class='ocr_line' id='line_1_23' title="bbox 105 3915 1784 4051; baseline 0.002 -33"><span class='ocrx_word' id='word_1_179' title='bbox 105 3961 273 4038; x_wconf 81' lang='lat' dir='ltr'><strong>„osseo,</strong></span> <span class='ocrx_word' id='word_1_180' title='bbox 300 3933 452 4019; x_wconf 89' lang='lat' dir='ltr'><strong>mobili</strong></span> <span class='ocrx_word' id='word_1_181' title='bbox 478 3933 733 4020; x_wconf 72' lang='lat' dir='ltr'><strong>obumbrati,</strong></span> <span class='ocrx_word' id='word_1_182' title='bbox 785 3939 925 4021; x_wconf 81' lang='lat' dir='ltr'><strong>Aures·</strong></span> <span class='ocrx_word' id='word_1_183' title='bbox 945 3934 1140 4051; x_wconf 84' lang='lat' dir='ltr'><strong>proxime</strong></span> <span class='ocrx_word' id='word_1_184' title='bbox 1169 3936 1222 4018; x_wconf 89' lang='lat' dir='ltr'><strong>ad</strong></span> <span class='ocrx_word' id='word_1_185' title='bbox 1250 3915 1423 4037; x_wconf 87' lang='lat' dir='ltr'><strong>rictum,</strong></span> <span class='ocrx_word' id='word_1_186' title='bbox 1465 3939 1617 4020; x_wconf 82' lang='lat' dir='ltr'><strong>nudae.</strong></span> <span class='ocrx_word' id='word_1_187' title='bbox 1674 3940 1784 4021; x_wconf 85' lang='lat' dir='ltr'><strong>Den-</strong></span> 
     </span>
     <span class='ocr_line' id='line_1_24' title="bbox 113 4084 1782 4200; baseline 0 -28"><span class='ocrx_word' id='word_1_188' title='bbox 113 4105 190 4185; x_wconf 85' lang='lat' dir='ltr'><strong>„tes</strong></span> <span class='ocrx_word' id='word_1_189' title='bbox 217 4087 398 4172; x_wconf 87' lang='lat' dir='ltr'><strong>molares</strong></span> <span class='ocrx_word' id='word_1_190' title='bbox 427 4084 624 4200; x_wconf 83' lang='lat' dir='ltr'><strong>utrinque</strong></span> <span class='ocrx_word' id='word_1_191' title='bbox 659 4087 880 4192; x_wconf 78' lang='lat' dir='ltr'><strong>14.acuti,</strong></span> <span class='ocrx_word' id='word_1_192' title='bbox 921 4086 1092 4191; x_wconf 84' lang='lat' dir='ltr'><strong>breves,</strong></span> <span class='ocrx_word' id='word_1_193' title='bbox 1137 4087 1189 4170; x_wconf 86' lang='lat' dir='ltr'><strong>in</strong></span> <span class='ocrx_word' id='word_1_194' title='bbox 1212 4109 1408 4171; x_wconf 83' lang='lat' dir='ltr'><strong>extremo</strong></span> <span class='ocrx_word' id='word_1_195' title='bbox 1431 4085 1555 4169; x_wconf 88' lang='lat' dir='ltr'><strong>rostri</strong></span> <span class='ocrx_word' id='word_1_196' title='bbox 1581 4088 1666 4171; x_wconf 90' lang='lat' dir='ltr'><strong>duo</strong></span> <span class='ocrx_word' id='word_1_197' title='bbox 1695 4117 1782 4172; x_wconf 89' lang='lat' dir='ltr'><strong>ma·</strong></span> 
     </span>
     <span class='ocr_line' id='line_1_25' title="bbox 111 4235 1781 4353; baseline 0 -32"><span class='ocrx_word' id='word_1_198' title='bbox 111 4240 261 4347; x_wconf 81' lang='lat' dir='ltr'><strong>„jores,</strong></span> <span class='ocrx_word' id='word_1_199' title='bbox 318 4236 433 4320; x_wconf 85' lang='lat' dir='ltr'><strong>inter</strong></span> <span class='ocrx_word' id='word_1_200' title='bbox 460 4266 563 4353; x_wconf 85' lang='lat' dir='ltr'><strong>quos</strong></span> <span class='ocrx_word' id='word_1_201' title='bbox 589 4235 802 4353; x_wconf 87' lang='lat' dir='ltr'><strong>primores</strong></span> <span class='ocrx_word' id='word_1_202' title='bbox 821 4237 990 4324; x_wconf 88' lang='lat' dir='ltr'><strong>minimi</strong></span> <span class='ocrx_word' id='word_1_203' title='bbox 1018 4249 1041 4321; x_wconf 85' lang='grc'>3</span> <span class='ocrx_word' id='word_1_204' title='bbox 1071 4237 1141 4320; x_wconf 84' lang='lat' dir='ltr'><strong>rel</strong></span> <span class='ocrx_word' id='word_1_205' title='bbox 1170 4256 1217 4344; x_wconf 73' lang='lat'><strong>4.</strong></span> <span class='ocrx_word' id='word_1_206' title='bbox 1298 4241 1471 4323; x_wconf 80' lang='lat' dir='ltr'><strong>Collum</strong></span> <span class='ocrx_word' id='word_1_207' title='bbox 1502 4259 1781 4339; x_wconf 72' lang='lat' dir='ltr'><strong>contractum,</strong></span> 
     </span>
     <span class='ocr_line' id='line_1_26' title="bbox 111 4385 1782 4505; baseline 0.002 -35"><span class='ocrx_word' id='word_1_208' title='bbox 111 4391 269 4483; x_wconf 80' lang='lat' dir='ltr'><strong>„subtus</strong></span> <span class='ocrx_word' id='word_1_209' title='bbox 295 4387 421 4504; x_wconf 86' lang='lat' dir='ltr'><strong>plicis</strong></span> <span class='ocrx_word' id='word_1_210' title='bbox 449 4385 986 4502; x_wconf 71' lang='lat' dir='ltr'><strong>tribuilougitudinalibus.</strong></span> <span class='ocrx_word' id='word_1_211' title='bbox 1034 4392 1222 4476; x_wconf 79' lang='lat' dir='ltr'><strong>Truncus</strong></span> <span class='ocrx_word' id='word_1_212' title='bbox 1242 4392 1472 4505; x_wconf 79' lang='lat' dir='ltr'><strong>depressus,</strong></span> <span class='ocrx_word' id='word_1_213' title='bbox 1503 4387 1782 4473; x_wconf 83' lang='lat' dir='ltr'><strong>ventricosus·</strong></span> 
     </span>
     <span class='ocr_line' id='line_1_27' title="bbox 113 4537 1785 4655; baseline 0 -32"><span class='ocrx_word' id='word_1_214' title='bbox 113 4539 253 4634; x_wconf 73' lang='lat' dir='ltr'><strong>„Pedes</strong></span> <span class='ocrx_word' id='word_1_215' title='bbox 281 4537 426 4652; x_wconf 90' lang='lat' dir='ltr'><strong>longi,</strong></span> <span class='ocrx_word' id='word_1_216' title='bbox 454 4541 766 4655; x_wconf 80' lang='lat' dir='ltr'><strong>pentadactyli‚</strong></span> <span class='ocrx_word' id='word_1_217' title='bbox 807 4541 1016 4655; x_wconf 83' lang='lat' dir='ltr'><strong>unguibus</strong></span> <span class='ocrx_word' id='word_1_218' title='bbox 1042 4541 1187 4628; x_wconf 83' lang='lat' dir='ltr'><strong>luscis.</strong></span> <span class='ocrx_word' id='word_1_219' title='bbox 1241 4543 1389 4627; x_wconf 73' lang='lat' dir='ltr'><strong>contla</strong></span> <span class='ocrx_word' id='word_1_220' title='bbox 1418 4561 1567 4624; x_wconf 87' lang='lat' dir='ltr'><strong>trunco</strong></span> <span class='ocrx_word' id='word_1_221' title='bbox 1597 4539 1785 4653; x_wconf 83' lang='lat' dir='ltr'><strong>longior,</strong></span> 
     </span>
     <span class='ocr_line' id='line_1_28' title="bbox 114 4681 1892 4806; baseline 0.002 -35"><span class='ocrx_word' id='word_1_222' title='bbox 114 4688 214 4784; x_wconf 84' lang='lat' dir='ltr'><strong>„basi</strong></span> <span class='ocrx_word' id='word_1_223' title='bbox 259 4695 473 4806; x_wconf 85' lang='lat' dir='ltr'><strong>depressa,</strong></span> <span class='ocrx_word' id='word_1_224' title='bbox 531 4711 726 4776; x_wconf 77' lang='lat' dir='ltr'><strong>extremo</strong></span> <span class='ocrx_word' id='word_1_225' title='bbox 760 4691 1029 4797; x_wconf 84' lang='lat' dir='ltr'><strong>tenuissima,</strong></span> <span class='ocrx_word' id='word_1_226' title='bbox 1081 4692 1235 4778; x_wconf 85' lang='lat' dir='ltr'><strong>tereti·</strong></span> <span class='ocrx_word' id='word_1_227' title='bbox 1256 4691 1483 4804; x_wconf 78' lang='lat' dir='ltr'><strong>angulosa,</strong></span> <span class='ocrx_word' id='word_1_228' title='bbox 1530 4688 1781 4777; x_wconf 57' lang='lat' dir='ltr'><strong>imbricato}</strong></span> <span class='ocrx_word' id='word_1_229' title='bbox 1887 4681 1892 4691; x_wconf 72' lang='grc'>’</span> 
     </span>
     <span class='ocr_line' id='line_1_29' title="bbox 116 4839 1806 4958; baseline -0.005 -22"><span class='ocrx_word' id='word_1_230' title='bbox 116 4839 327 4954; x_wconf 68' lang='lat' dir='ltr'><strong>»Somnos</strong></span> <span class='ocrx_word' id='word_1_231' title='bbox 348 4846 491 4930; x_wconf 87' lang='lat' dir='ltr'><strong>subtus</strong></span> <span class='ocrx_word' id='word_1_232' title='bbox 517 4841 840 4958; x_wconf 79' lang='lat' dir='ltr'><strong>trapezoideae,</strong></span> <span class='ocrx_word' id='word_1_233' title='bbox 871 4843 1033 4936; x_wconf 84' lang='lat' dir='ltr'><strong>lineola</strong></span> <span class='ocrx_word' id='word_1_234' title='bbox 1060 4844 1229 4933; x_wconf 77' lang='lat' dir='ltr'><strong>elersta</strong></span> <span class='ocrx_word' id='word_1_235' title='bbox 1251 4840 1486 4952; x_wconf 78' lang='lat' dir='ltr'><strong>carinatas,</strong></span> <span class='ocrx_word' id='word_1_236' title='bbox 1527 4841 1806 4957; x_wconf 53' lang='lat' dir='ltr'><strong>mediocrem</strong></span> 
     </span>
    </p>
   </div>
   <div class='ocr_carea' id='block_1_7' title="bbox 0 0 2206 5893">
    <p class='ocr_par' dir='ltr' id='par_1_7' title="bbox 0 0 2206 5893">
     <span class='ocr_line' id='line_1_30' title="bbox 0 0 2206 5893; baseline 0 0"><span class='ocrx_word' id='word_1_237' title='bbox 0 0 2206 5893; x_wconf 95' lang='lat' dir='ltr'><strong> </strong></span> 
     </span>
    </p>
   </div>
  </div>
 </body>
</html>
