<?xml version="1.0" encoding="UTF-8"?>
<!DOCTYPE html PUBLIC "-//W3C//DTD XHTML 1.0 Transitional//EN"
    "http://www.w3.org/TR/xhtml1/DTD/xhtml1-transitional.dtd">
<html xmlns="http://www.w3.org/1999/xhtml" xml:lang="en" lang="en">
 <head>
  <title>
</title>
<meta http-equiv="Content-Type" content="text/html;charset=utf-8" />
  <meta name='ocr-system' content='tesseract 3.04.00' />
  <meta name='ocr-capabilities' content='ocr_page ocr_carea ocr_par ocr_line ocrx_word'/>
</head>
<body>
  <div class='ocr_page' id='page_1' title='image "./zoographiarosso00pallgoog_0202.png"; bbox 0 0 4404 5902; ppageno 0'>
   <div class='ocr_carea' id='block_1_1' title="bbox 356 400 1272 501">
    <p class='ocr_par' dir='ltr' id='par_1_1' title="bbox 356 400 1272 501">
     <span class='ocr_line' id='line_1_1' title="bbox 356 400 1272 501; baseline -0.002 -10"><span class='ocrx_word' id='word_1_1' title='bbox 356 400 444 501; x_wconf 86' lang='lat'>186</span> <span class='ocrx_word' id='word_1_2' title='bbox 1123 418 1272 472; x_wconf 86' lang='lat'>==</span> 
     </span>
    </p>
   </div>
   <div class='ocr_carea' id='block_1_2' title="bbox 320 623 2061 3920">
    <p class='ocr_par' dir='ltr' id='par_1_2' title="bbox 330 623 2061 2556">
     <span class='ocr_line' id='line_1_2' title="bbox 344 623 2059 720; baseline -0.003 -12"><span class='ocrx_word' id='word_1_3' title='bbox 344 641 545 708; x_wconf 76' lang='lat' dir='ltr'>varietates</span> <span class='ocrx_word' id='word_1_4' title='bbox 573 632 640 703; x_wconf 90' lang='lat' dir='ltr'>sub</span> <span class='ocrx_word' id='word_1_5' title='bbox 664 631 924 706; x_wconf 87' lang='lat' dir='ltr'>Wachniarum</span> <span class='ocrx_word' id='word_1_6' title='bbox 951 629 1249 699; x_wconf 77' lang='lat' dir='ltr'><strong>denominatione</strong></span> <span class='ocrx_word' id='word_1_7' title='bbox 1274 629 1501 720; x_wconf 78' lang='lat' dir='ltr'>proveniunt.</span> <span class='ocrx_word' id='word_1_8' title='bbox 1542 623 1698 720; x_wconf 74' lang='lat' dir='ltr'>Aequall</span> <span class='ocrx_word' id='word_1_9' title='bbox 1724 629 1866 700; x_wconf 84' lang='lat' dir='ltr'>ratione</span> <span class='ocrx_word' id='word_1_10' title='bbox 1891 638 1934 702; x_wconf 90' lang='lat' dir='ltr'>et</span> <span class='ocrx_word' id='word_1_11' title='bbox 1958 630 2059 704; x_wconf 81' lang='lat' dir='ltr'>alias</span> 
     </span>
     <span class='ocr_line' id='line_1_3' title="bbox 344 751 2061 850; baseline -0.001 -24"><span class='ocrx_word' id='word_1_12' title='bbox 344 763 454 826; x_wconf 84' lang='lat' dir='ltr'>maria</span> <span class='ocrx_word' id='word_1_13' title='bbox 481 758 739 850; x_wconf 79' lang='lat' dir='ltr'><strong>productiones</strong></span> <span class='ocrx_word' id='word_1_14' title='bbox 769 782 803 826; x_wconf 82' lang='lat' dir='ltr'>v.</span> <span class='ocrx_word' id='word_1_15' title='bbox 831 781 864 847; x_wconf 90' lang='lat' dir='ltr'>g.</span> <span class='ocrx_word' id='word_1_16' title='bbox 895 755 1024 840; x_wconf 83' lang='lat' dir='ltr'>fucos,</span> <span class='ocrx_word' id='word_1_17' title='bbox 1062 752 1247 843; x_wconf 84' lang='lat' dir='ltr'>zoopbyta</span> <span class='ocrx_word' id='word_1_18' title='bbox 1281 759 1352 822; x_wconf 87' lang='lat' dir='ltr'>etc.</span> <span class='ocrx_word' id='word_1_19' title='bbox 1387 751 1533 820; x_wconf 89' lang='lat' dir='ltr'>easdem</span> <span class='ocrx_word' id='word_1_20' title='bbox 1569 757 1605 818; x_wconf 94' lang='lat' dir='ltr'>in</span> <span class='ocrx_word' id='word_1_21' title='bbox 1639 759 1728 820; x_wconf 88' lang='lat' dir='ltr'>mari</span> <span class='ocrx_word' id='word_1_22' title='bbox 1764 751 1849 822; x_wconf 88' lang='lat' dir='ltr'>albo</span> <span class='ocrx_word' id='word_1_23' title='bbox 1875 763 1915 822; x_wconf 85' lang='lat' dir='ltr'>et</span> <span class='ocrx_word' id='word_1_24' title='bbox 1942 758 2061 825; x_wconf 83' lang='lat' dir='ltr'>Cum·</span> 
     </span>
     <span class='ocr_line' id='line_1_4' title="bbox 345 873 2061 966; baseline -0.001 -16"><span class='ocrx_word' id='word_1_25' title='bbox 345 880 531 950; x_wconf 86' lang='lat' dir='ltr'>tschatico</span> <span class='ocrx_word' id='word_1_26' title='bbox 559 882 686 949; x_wconf 87' lang='lat' dir='ltr'>adesse</span> <span class='ocrx_word' id='word_1_27' title='bbox 713 882 1005 948; x_wconf 83' lang='lat' dir='ltr'>animadvertere</span> <span class='ocrx_word' id='word_1_28' title='bbox 1031 875 1119 943; x_wconf 93' lang='lat' dir='ltr'>mihi</span> <span class='ocrx_word' id='word_1_29' title='bbox 1146 877 1261 944; x_wconf 91' lang='lat' dir='ltr'>licuit.</span> <span class='ocrx_word' id='word_1_30' title='bbox 1326 873 1537 963; x_wconf 86' lang='lat' dir='ltr'>Wachniam</span> <span class='ocrx_word' id='word_1_31' title='bbox 1572 875 1731 966; x_wconf 77' lang='lat' dir='ltr'><strong>piscibus</strong></span> <span class='ocrx_word' id='word_1_32' title='bbox 1759 882 1907 945; x_wconf 89' lang='lat' dir='ltr'>sanitati</span> <span class='ocrx_word' id='word_1_33' title='bbox 1933 877 2061 950; x_wconf 85' lang='lat' dir='ltr'>obno-</span> 
     </span>
     <span class='ocr_line' id='line_1_5' title="bbox 348 997 2060 1089; baseline 0.002 -19"><span class='ocrx_word' id='word_1_34' title='bbox 348 1007 419 1070; x_wconf 84' lang='lat' dir='ltr'>xiis</span> <span class='ocrx_word' id='word_1_35' title='bbox 443 1003 748 1071; x_wconf 89' lang='lat' dir='ltr'>adnumerandam</span> <span class='ocrx_word' id='word_1_36' title='bbox 771 1024 851 1071; x_wconf 89' lang='lat' dir='ltr'>esse</span> <span class='ocrx_word' id='word_1_37' title='bbox 868 1000 1136 1089; x_wconf 88' lang='lat' dir='ltr'>earundemque</span> <span class='ocrx_word' id='word_1_38' title='bbox 1151 1019 1270 1066; x_wconf 86' lang='lat' dir='ltr'>escam</span> <span class='ocrx_word' id='word_1_39' title='bbox 1287 1002 1458 1065; x_wconf 85' lang='lat' dir='ltr'>intestina</span> <span class='ocrx_word' id='word_1_40' title='bbox 1470 997 1655 1066; x_wconf 74' lang='lat' dir='ltr'>vermibus</span> <span class='ocrx_word' id='word_1_41' title='bbox 1670 998 1941 1068; x_wconf 86' lang='lat' dir='ltr'>intestinalibus</span> <span class='ocrx_word' id='word_1_42' title='bbox 1957 1002 2060 1073; x_wconf 81' lang='lat' dir='ltr'>inie-</span> 
     </span>
     <span class='ocr_line' id='line_1_6' title="bbox 345 1122 2058 1212; baseline 0.002 -20"><span class='ocrx_word' id='word_1_43' title='bbox 345 1130 472 1208; x_wconf 79' lang='lat' dir='ltr'>ctare,</span> <span class='ocrx_word' id='word_1_44' title='bbox 500 1126 708 1210; x_wconf 80' lang='lat' dir='ltr'><strong>annotabo,</strong></span> <span class='ocrx_word' id='word_1_45' title='bbox 736 1124 929 1193; x_wconf 86' lang='lat' dir='ltr'>Wachnias</span> <span class='ocrx_word' id='word_1_46' title='bbox 956 1129 1051 1190; x_wconf 88' lang='lat' dir='ltr'>enim</span> <span class='ocrx_word' id='word_1_47' title='bbox 1080 1122 1262 1190; x_wconf 81' lang='lat' dir='ltr'>vermibus</span> <span class='ocrx_word' id='word_1_48' title='bbox 1290 1124 1397 1186; x_wconf 88' lang='lat' dir='ltr'>variis</span> <span class='ocrx_word' id='word_1_49' title='bbox 1422 1127 1461 1188; x_wconf 94' lang='lat' dir='ltr'>et</span> <span class='ocrx_word' id='word_1_50' title='bbox 1487 1123 1747 1209; x_wconf 88' lang='lat' dir='ltr'>copiosissimis</span> <span class='ocrx_word' id='word_1_51' title='bbox 1775 1141 1862 1212; x_wconf 84' lang='lat' dir='ltr'>prae</span> <span class='ocrx_word' id='word_1_52' title='bbox 1889 1130 2058 1196; x_wconf 78' lang='lat' dir='ltr'>caeteris</span> 
     </span>
     <span class='ocr_line' id='line_1_7' title="bbox 343 1242 2056 1336; baseline 0.005 -26"><span class='ocrx_word' id='word_1_53' title='bbox 343 1245 505 1336; x_wconf 73' lang='lat' dir='ltr'>piscibus</span> <span class='ocrx_word' id='word_1_54' title='bbox 540 1256 689 1315; x_wconf 84' lang='lat' dir='ltr'>vexatas</span> <span class='ocrx_word' id='word_1_55' title='bbox 721 1269 801 1316; x_wconf 90' lang='lat' dir='ltr'>esse</span> <span class='ocrx_word' id='word_1_56' title='bbox 835 1249 1000 1336; x_wconf 86' lang='lat' dir='ltr'>adeoque</span> <span class='ocrx_word' id='word_1_57' title='bbox 1032 1243 1245 1328; x_wconf 88' lang='lat' dir='ltr'>hominum,</span> <span class='ocrx_word' id='word_1_58' title='bbox 1303 1248 1366 1332; x_wconf 92' lang='lat' dir='ltr'>qui</span> <span class='ocrx_word' id='word_1_59' title='bbox 1404 1242 1598 1336; x_wconf 86' lang='lat' dir='ltr'>Wachnias</span> <span class='ocrx_word' id='word_1_60' title='bbox 1630 1262 1753 1314; x_wconf 84' lang='lat' dir='ltr'>coctas</span> <span class='ocrx_word' id='word_1_61' title='bbox 1790 1244 2056 1335; x_wconf 84' lang='lat' dir='ltr'>comederunt,</span> 
     </span>
     <span class='ocr_line' id='line_1_8' title="bbox 341 1366 2056 1454; baseline 0.003 -21"><span class='ocrx_word' id='word_1_62' title='bbox 341 1369 513 1435; x_wconf 87' lang='lat' dir='ltr'>intestina</span> <span class='ocrx_word' id='word_1_63' title='bbox 542 1367 641 1437; x_wconf 88' lang='lat' dir='ltr'>hisce</span> <span class='ocrx_word' id='word_1_64' title='bbox 668 1371 851 1438; x_wconf 77' lang='lat' dir='ltr'>vermibus</span> <span class='ocrx_word' id='word_1_65' title='bbox 877 1367 1085 1436; x_wconf 81' lang='lat' dir='ltr'>viventibus</span> <span class='ocrx_word' id='word_1_66' title='bbox 1111 1371 1374 1454; x_wconf 84' lang='lat' dir='ltr'>transgressis,</span> <span class='ocrx_word' id='word_1_67' title='bbox 1414 1386 1578 1447; x_wconf 80' lang='lat' dir='ltr'>vexare3</span> <span class='ocrx_word' id='word_1_68' title='bbox 1631 1367 1824 1435; x_wconf 90' lang='lat' dir='ltr'>nonsolum</span> <span class='ocrx_word' id='word_1_69' title='bbox 1850 1366 2056 1438; x_wconf 77' lang='lat' dir='ltr'>Wachuia·</span> 
     </span>
     <span class='ocr_line' id='line_1_9' title="bbox 341 1489 2056 1580; baseline 0.002 -25"><span class='ocrx_word' id='word_1_70' title='bbox 341 1510 424 1555; x_wconf 84' lang='lat' dir='ltr'>rurn</span> <span class='ocrx_word' id='word_1_71' title='bbox 451 1494 561 1557; x_wconf 86' lang='lat' dir='ltr'>variis</span> <span class='ocrx_word' id='word_1_72' title='bbox 590 1491 894 1573; x_wconf 90' lang='lat' dir='ltr'>dssectionibus‚</span> <span class='ocrx_word' id='word_1_73' title='bbox 924 1491 1125 1557; x_wconf 86' lang='lat' dir='ltr'>sedetiam</span> <span class='ocrx_word' id='word_1_74' title='bbox 1151 1492 1335 1557; x_wconf 90' lang='lat' dir='ltr'>sociorum</span> <span class='ocrx_word' id='word_1_75' title='bbox 1363 1508 1527 1555; x_wconf 88' lang='lat' dir='ltr'>meorum</span> <span class='ocrx_word' id='word_1_76' title='bbox 1553 1489 1784 1555; x_wconf 87' lang='lat' dir='ltr'>nauticorum</span> <span class='ocrx_word' id='word_1_77' title='bbox 1809 1496 1849 1558; x_wconf 88' lang='lat' dir='ltr'>et</span> <span class='ocrx_word' id='word_1_78' title='bbox 1876 1497 2056 1580; x_wconf 76' lang='lat' dir='ltr'>propria,</span> 
     </span>
     <span class='ocr_line' id='line_1_10' title="bbox 341 1608 2060 1703; baseline 0.007 -30"><span class='ocrx_word' id='word_1_79' title='bbox 341 1631 415 1699; x_wconf 92' lang='lat' dir='ltr'>qua</span> <span class='ocrx_word' id='word_1_80' title='bbox 441 1614 518 1699; x_wconf 85' lang='lat' dir='ltr'>ipse</span> <span class='ocrx_word' id='word_1_81' title='bbox 544 1617 808 1700; x_wconf 81' lang='lat' dir='ltr'>excruciabar,</span> <span class='ocrx_word' id='word_1_82' title='bbox 836 1618 1059 1703; x_wconf 84' lang='lat' dir='ltr'>experientia</span> <span class='ocrx_word' id='word_1_83' title='bbox 1085 1612 1236 1679; x_wconf 89' lang='lat' dir='ltr'>edoctus</span> <span class='ocrx_word' id='word_1_84' title='bbox 1262 1632 1351 1678; x_wconf 86' lang='lat' dir='ltr'>sum.</span> <span class='ocrx_word' id='word_1_85' title='bbox 1393 1608 1674 1677; x_wconf 83' lang='lat' dir='ltr'>innumerabiles</span> <span class='ocrx_word' id='word_1_86' title='bbox 1700 1614 1797 1675; x_wconf 85' lang='lat' dir='ltr'>enirn</span> <span class='ocrx_word' id='word_1_87' title='bbox 1823 1613 2060 1685; x_wconf 74' lang='lat' dir='ltr'>Ascaridunr</span> 
     </span>
     <span class='ocr_line' id='line_1_11' title="bbox 341 1729 2056 1823; baseline 0.006 -25"><span class='ocrx_word' id='word_1_88' title='bbox 341 1730 530 1820; x_wconf 85' lang='lat' dir='ltr'>spiralium</span> <span class='ocrx_word' id='word_1_89' title='bbox 556 1734 761 1823; x_wconf 83' lang='lat' dir='ltr'>fasciculos,</span> <span class='ocrx_word' id='word_1_90' title='bbox 789 1757 856 1802; x_wconf 90' lang='lat' dir='ltr'>nec</span> <span class='ocrx_word' id='word_1_91' title='bbox 882 1758 954 1804; x_wconf 92' lang='lat' dir='ltr'>non</span> <span class='ocrx_word' id='word_1_92' title='bbox 982 1729 1324 1823; x_wconf 84' lang='lat' dir='ltr'>Echinorhynchos,</span> <span class='ocrx_word' id='word_1_93' title='bbox 1350 1735 1502 1800; x_wconf 84' lang='lat' dir='ltr'>Taenias</span> <span class='ocrx_word' id='word_1_94' title='bbox 1529 1734 1565 1796; x_wconf 92' lang='lat' dir='ltr'>in</span> <span class='ocrx_word' id='word_1_95' title='bbox 1591 1734 1773 1799; x_wconf 80' lang='lat' dir='ltr'>intestinis</span> <span class='ocrx_word' id='word_1_96' title='bbox 1797 1739 1837 1802; x_wconf 89' lang='lat' dir='ltr'>et</span> <span class='ocrx_word' id='word_1_97' title='bbox 1862 1740 2056 1809; x_wconf 70' lang='lat' dir='ltr'>vermium</span> 
     </span>
     <span class='ocr_line' id='line_1_12' title="bbox 339 1851 2052 1947; baseline 0.006 -30"><span class='ocrx_word' id='word_1_98' title='bbox 339 1851 525 1941; x_wconf 84' lang='lat' dir='ltr'>peculiare</span> <span class='ocrx_word' id='word_1_99' title='bbox 553 1878 689 1945; x_wconf 88' lang='lat' dir='ltr'>genus,</span> <span class='ocrx_word' id='word_1_100' title='bbox 733 1860 833 1947; x_wconf 87' lang='lat' dir='ltr'>quod</span> <span class='ocrx_word' id='word_1_101' title='bbox 872 1864 907 1924; x_wconf 91' lang='lat' dir='ltr'>in</span> <span class='ocrx_word' id='word_1_102' title='bbox 947 1858 1051 1924; x_wconf 85' lang='lat' dir='ltr'>fossis</span> <span class='ocrx_word' id='word_1_103' title='bbox 1090 1856 1343 1923; x_wconf 88' lang='lat' dir='ltr'>vertebrarum</span> <span class='ocrx_word' id='word_1_104' title='bbox 1375 1853 1436 1921; x_wconf 86' lang='lat' dir='ltr'>vel</span> <span class='ocrx_word' id='word_1_105' title='bbox 1472 1861 1655 1922; x_wconf 86' lang='lat' dir='ltr'>costarum</span> <span class='ocrx_word' id='word_1_106' title='bbox 1685 1853 1889 1924; x_wconf 81' lang='lat' dir='ltr'>insertione</span> <span class='ocrx_word' id='word_1_107' title='bbox 1915 1858 2052 1932; x_wconf 72' lang='lat' dir='ltr'>sedern</span> 
     </span>
     <span class='ocr_line' id='line_1_13' title="bbox 335 1969 2054 2059; baseline 0.006 -21"><span class='ocrx_word' id='word_1_108' title='bbox 335 1969 488 2059; x_wconf 85' lang='lat' dir='ltr'>habuit,</span> <span class='ocrx_word' id='word_1_109' title='bbox 529 1983 565 2043; x_wconf 88' lang='lat' dir='ltr'>in</span> <span class='ocrx_word' id='word_1_110' title='bbox 591 1981 757 2047; x_wconf 87' lang='lat' dir='ltr'>omnibus</span> <span class='ocrx_word' id='word_1_111' title='bbox 785 1979 966 2048; x_wconf 88' lang='lat' dir='ltr'>Wachniis</span> <span class='ocrx_word' id='word_1_112' title='bbox 992 1978 1112 2046; x_wconf 93' lang='lat' dir='ltr'>cultro</span> <span class='ocrx_word' id='word_1_113' title='bbox 1139 1979 1347 2043; x_wconf 86' lang='lat' dir='ltr'>anatornico</span> <span class='ocrx_word' id='word_1_114' title='bbox 1374 1976 1542 2045; x_wconf 87' lang='lat' dir='ltr'>dissectis</span> <span class='ocrx_word' id='word_1_115' title='bbox 1567 1977 1701 2042; x_wconf 84' lang='lat' dir='ltr'>inveni.</span> <span class='ocrx_word' id='word_1_116' title='bbox 1766 1981 1964 2048; x_wconf 80' lang='lat' dir='ltr'>vermium</span> <span class='ocrx_word' id='word_1_117' title='bbox 1995 1988 2054 2055; x_wconf 76' lang='lat' dir='ltr'>in·</span> 
     </span>
     <span class='ocr_line' id='line_1_14' title="bbox 333 2098 2053 2188; baseline 0.003 -25"><span class='ocrx_word' id='word_1_118' title='bbox 333 2099 559 2164; x_wconf 82' lang='lat' dir='ltr'>testinalium</span> <span class='ocrx_word' id='word_1_119' title='bbox 588 2102 739 2168; x_wconf 90' lang='lat' dir='ltr'>formam</span> <span class='ocrx_word' id='word_1_120' title='bbox 767 2109 807 2169; x_wconf 91' lang='lat' dir='ltr'>et</span> <span class='ocrx_word' id='word_1_121' title='bbox 832 2107 941 2169; x_wconf 86' lang='lat' dir='ltr'>situm</span> <span class='ocrx_word' id='word_1_122' title='bbox 969 2107 1004 2166; x_wconf 86' lang='lat' dir='ltr'>in</span> <span class='ocrx_word' id='word_1_123' title='bbox 1030 2098 1178 2168; x_wconf 87' lang='lat' dir='ltr'>tabulae</span> <span class='ocrx_word' id='word_1_124' title='bbox 1206 2103 1335 2164; x_wconf 75' lang='lat' dir='ltr'>XIXtat</span> <span class='ocrx_word' id='word_1_125' title='bbox 1365 2101 1489 2186; x_wconf 85' lang='lat' dir='ltr'>liguris</span> <span class='ocrx_word' id='word_1_126' title='bbox 1515 2098 1686 2188; x_wconf 81' lang='lat' dir='ltr'>exposui.</span> <span class='ocrx_word' id='word_1_127' title='bbox 1752 2099 1806 2165; x_wconf 84' lang='lat' dir='ltr'>De</span> <span class='ocrx_word' id='word_1_128' title='bbox 1832 2103 1913 2169; x_wconf 82' lang='lat' dir='ltr'>vita</span> <span class='ocrx_word' id='word_1_129' title='bbox 1939 2109 2053 2179; x_wconf 68' lang='lat' dir='ltr'>ten·-</span> 
     </span>
     <span class='ocr_line' id='line_1_15' title="bbox 334 2217 2051 2311; baseline 0.002 -27"><span class='ocrx_word' id='word_1_130' title='bbox 334 2222 479 2286; x_wconf 90' lang='lat' dir='ltr'>cissima</span> <span class='ocrx_word' id='word_1_131' title='bbox 506 2243 550 2289; x_wconf 90' lang='lat' dir='ltr'>ac</span> <span class='ocrx_word' id='word_1_132' title='bbox 579 2228 866 2310; x_wconf 87' lang='lat' dir='ltr'>pertinacissima</span> <span class='ocrx_word' id='word_1_133' title='bbox 892 2227 1095 2291; x_wconf 73' lang='lat' dir='ltr'>taeniarum</span> <span class='ocrx_word' id='word_1_134' title='bbox 1124 2226 1159 2286; x_wconf 92' lang='lat' dir='ltr'>in</span> <span class='ocrx_word' id='word_1_135' title='bbox 1192 2224 1351 2309; x_wconf 85' lang='lat' dir='ltr'>piscibus</span> <span class='ocrx_word' id='word_1_136' title='bbox 1387 2228 1473 2289; x_wconf 88' lang='lat' dir='ltr'>satis</span> <span class='ocrx_word' id='word_1_137' title='bbox 1500 2220 1666 2289; x_wconf 85' lang='lat' dir='ltr'>decoctis</span> <span class='ocrx_word' id='word_1_138' title='bbox 1692 2217 1811 2287; x_wconf 91' lang='lat' dir='ltr'>adhuc</span> <span class='ocrx_word' id='word_1_139' title='bbox 1837 2234 2051 2311; x_wconf 70' lang='lat' dir='ltr'>superstit·</span> 
     </span>
     <span class='ocr_line' id='line_1_16' title="bbox 333 2334 2053 2440; baseline 0.003 -32"><span class='ocrx_word' id='word_1_140' title='bbox 333 2345 415 2431; x_wconf 89' lang='lat' dir='ltr'>ipso</span> <span class='ocrx_word' id='word_1_141' title='bbox 441 2344 575 2410; x_wconf 89' lang='lat' dir='ltr'>iutuitu</span> <span class='ocrx_word' id='word_1_142' title='bbox 604 2364 660 2410; x_wconf 89' lang='lat' dir='ltr'>me</span> <span class='ocrx_word' id='word_1_143' title='bbox 688 2352 885 2412; x_wconf 75' lang='lat' dir='ltr'>certorem</span> <span class='ocrx_word' id='word_1_144' title='bbox 912 2345 1009 2427; x_wconf 82' lang='lat' dir='ltr'>feci,</span> <span class='ocrx_word' id='word_1_145' title='bbox 1051 2343 1204 2440; x_wconf 91' lang='lat' dir='ltr'>ideoque</span> <span class='ocrx_word' id='word_1_146' title='bbox 1238 2365 1306 2411; x_wconf 91' lang='lat' dir='ltr'>nec</span> <span class='ocrx_word' id='word_1_147' title='bbox 1341 2342 1428 2409; x_wconf 92' lang='lat' dir='ltr'>mihi</span> <span class='ocrx_word' id='word_1_148' title='bbox 1453 2364 1572 2433; x_wconf 89' lang='lat' dir='ltr'>neque</span> <span class='ocrx_word' id='word_1_149' title='bbox 1598 2334 1815 2432; x_wconf 75' lang='lat' dir='ltr'>Espcnbergio</span> <span class='ocrx_word' id='word_1_150' title='bbox 1841 2356 2053 2436; x_wconf 75' lang='lat' dir='ltr'>experien-</span> 
     </span>
     <span class='ocr_line' id='line_1_17' title="bbox 330 2441 2054 2556; baseline 0.002 -24"><span class='ocrx_word' id='word_1_151' title='bbox 330 2466 496 2550; x_wconf 85' lang='lat' dir='ltr'>tissimo,</span> <span class='ocrx_word' id='word_1_152' title='bbox 538 2464 680 2532; x_wconf 78' lang='lat' dir='ltr'>medico</span> <span class='ocrx_word' id='word_1_153' title='bbox 712 2473 814 2533; x_wconf 84' lang='lat' dir='ltr'>navis</span> <span class='ocrx_word' id='word_1_154' title='bbox 855 2475 1001 2535; x_wconf 84' lang='lat' dir='ltr'>nostrae</span> <span class='ocrx_word' id='word_1_155' title='bbox 1033 2441 1162 2532; x_wconf 77' lang='lat' dir='ltr'>mirum</span> <span class='ocrx_word' id='word_1_156' title='bbox 1197 2464 1284 2550; x_wconf 81' lang='lat' dir='ltr'>fuit,</span> <span class='ocrx_word' id='word_1_157' title='bbox 1325 2488 1390 2534; x_wconf 90' lang='lat' dir='ltr'>nos</span> <span class='ocrx_word' id='word_1_158' title='bbox 1423 2487 1547 2534; x_wconf 87' lang='lat' dir='ltr'>omnes</span> <span class='ocrx_word' id='word_1_159' title='bbox 1575 2470 1708 2556; x_wconf 91' lang='lat' dir='ltr'>partim</span> <span class='ocrx_word' id='word_1_160' title='bbox 1735 2465 1982 2538; x_wconf 78' lang='lat' dir='ltr'>Ascaridibus</span> <span class='ocrx_word' id='word_1_161' title='bbox 2010 2482 2054 2549; x_wconf 65' lang='lat' dir='ltr'>et</span> 
     </span>
    </p>

    <p class='ocr_par' dir='ltr' id='par_1_3' title="bbox 331 2583 2052 2693">
     <span class='ocr_line' id='line_1_18' title="bbox 331 2583 2052 2693; baseline -0.001 -40"><span class='ocrx_word' id='word_1_162' title='bbox 331 2583 694 2678; x_wconf 71' lang='lat' dir='ltr'>Echinorrhynchis,</span> <span class='ocrx_word' id='word_1_163' title='bbox 736 2594 871 2677; x_wconf 91' lang='lat' dir='ltr'>partim</span> <span class='ocrx_word' id='word_1_164' title='bbox 907 2594 1035 2656; x_wconf 88' lang='lat' dir='ltr'>taeniis</span> <span class='ocrx_word' id='word_1_165' title='bbox 1069 2593 1301 2656; x_wconf 85' lang='lat' dir='ltr'>excruciatos</span> <span class='ocrx_word' id='word_1_166' title='bbox 1335 2595 1374 2658; x_wconf 94' lang='lat' dir='ltr'>et</span> <span class='ocrx_word' id='word_1_167' title='bbox 1407 2589 1598 2657; x_wconf 84' lang='lat' dir='ltr'>infestatus</span> <span class='ocrx_word' id='word_1_168' title='bbox 1628 2586 1760 2670; x_wconf 85' lang='lat' dir='ltr'>fuisse,</span> <span class='ocrx_word' id='word_1_169' title='bbox 1797 2604 1885 2656; x_wconf 87' lang='lat' dir='ltr'>cum</span> <span class='ocrx_word' id='word_1_170' title='bbox 1912 2613 2052 2693; x_wconf 65' lang='lat' dir='ltr'>om</span> 
     </span>
    </p>

    <p class='ocr_par' dir='ltr' id='par_1_4' title="bbox 328 2694 1550 2801">
     <span class='ocr_line' id='line_1_19' title="bbox 328 2694 1550 2801; baseline 0.002 -29"><span class='ocrx_word' id='word_1_171' title='bbox 328 2713 550 2774; x_wconf 82' lang='lat' dir='ltr'>necessitate</span> <span class='ocrx_word' id='word_1_172' title='bbox 576 2715 696 2777; x_wconf 88' lang='lat' dir='ltr'>coacti</span> <span class='ocrx_word' id='word_1_173' title='bbox 724 2709 989 2801; x_wconf 80' lang='lat' dir='ltr'>ichthyophagi</span> <span class='ocrx_word' id='word_1_174' title='bbox 1017 2712 1200 2778; x_wconf 83' lang='lat' dir='ltr'>iuerirnus.</span> <span class='ocrx_word' id='word_1_175' title='bbox 1544 2694 1550 2705; x_wconf 44' lang='grc'><em>”</em></span> 
     </span>
    </p>

    <p class='ocr_par' dir='ltr' id='par_1_5' title="bbox 327 2824 2050 3164">
     <span class='ocr_line' id='line_1_20' title="bbox 327 2824 2050 2924; baseline 0.006 -32"><span class='ocrx_word' id='word_1_176' title='bbox 327 2824 528 2892; x_wconf 88' lang='lat' dir='ltr'>Wachniae</span> <span class='ocrx_word' id='word_1_177' title='bbox 554 2830 847 2900; x_wconf 83' lang='lat' dir='ltr'>Camtschaticae</span> <span class='ocrx_word' id='word_1_178' title='bbox 873 2833 990 2903; x_wconf 88' lang='lat' dir='ltr'>altera</span> <span class='ocrx_word' id='word_1_179' title='bbox 1018 2837 1176 2920; x_wconf 89' lang='lat' dir='ltr'>species,</span> <span class='ocrx_word' id='word_1_180' title='bbox 1219 2829 1366 2924; x_wconf 89' lang='lat' dir='ltr'>(Gadus</span> <span class='ocrx_word' id='word_1_181' title='bbox 1393 2830 1540 2923; x_wconf 89' lang='lat' dir='ltr'>gracilis</span> <span class='ocrx_word' id='word_1_182' title='bbox 1573 2828 1661 2896; x_wconf 89' lang='lat' dir='ltr'>mihi</span> <span class='ocrx_word' id='word_1_183' title='bbox 1671 2825 1708 2912; x_wconf 86' lang='lat'>,)</span> <span class='ocrx_word' id='word_1_184' title='bbox 1745 2847 1842 2918; x_wconf 71' lang='lat' dir='ltr'>quse</span> <span class='ocrx_word' id='word_1_185' title='bbox 1869 2834 1920 2903; x_wconf 87' lang='lat' dir='ltr'>ab</span> <span class='ocrx_word' id='word_1_186' title='bbox 1951 2842 2050 2913; x_wconf 73' lang='lat' dir='ltr'>ind}-</span> 
     </span>
     <span class='ocr_line' id='line_1_21' title="bbox 429 2949 2047 3053; baseline 0.009 -42"><span class='ocrx_word' id='word_1_187' title='bbox 429 2951 531 3036; x_wconf 83' lang='lat' dir='ltr'>genis</span> <span class='ocrx_word' id='word_1_188' title='bbox 558 2951 839 3022; x_wconf 84' lang='lat' dir='ltr'>Camtschaticis</span> <span class='ocrx_word' id='word_1_189' title='bbox 873 2977 989 3045; x_wconf 88' lang='lat' dir='ltr'>aeque</span> <span class='ocrx_word' id='word_1_190' title='bbox 1022 2954 1183 3040; x_wconf 87' lang='lat' dir='ltr'>Uachal‚</span> <span class='ocrx_word' id='word_1_191' title='bbox 1221 2959 1343 3023; x_wconf 87' lang='lat' dir='ltr'>Rossis</span> <span class='ocrx_word' id='word_1_192' title='bbox 1379 2955 1546 3043; x_wconf 74' lang='lat' dir='ltr'>Wucbnja</span> <span class='ocrx_word' id='word_1_193' title='bbox 1580 2953 1747 3053; x_wconf 52' lang='lat' dir='ltr'>granu)</span> <span class='ocrx_word' id='word_1_194' title='bbox 1778 2949 1945 3047; x_wconf 74' lang='lat' dir='ltr'>dicitur,</span> <span class='ocrx_word' id='word_1_195' title='bbox 1988 2966 2047 3039; x_wconf 65' lang='lat' dir='ltr'>dt·</span> 
     </span>
     <span class='ocr_line' id='line_1_22' title="bbox 425 3049 1310 3164; baseline 0.014 -31"><span class='ocrx_word' id='word_1_196' title='bbox 425 3073 675 3141; x_wconf 89' lang='lat' dir='ltr'>mensionibus</span> <span class='ocrx_word' id='word_1_197' title='bbox 704 3075 898 3164; x_wconf 78' lang='lat' dir='ltr'>illustrata.</span> <span class='ocrx_word' id='word_1_198' title='bbox 1306 3049 1310 3058; x_wconf 32' lang='lat'>¹</span> 
     </span>
    </p>

    <p class='ocr_par' dir='ltr' id='par_1_6' title="bbox 320 3190 2046 3920">
     <span class='ocr_line' id='line_1_23' title="bbox 397 3190 2046 3289; baseline 0.013 -34"><span class='ocrx_word' id='word_1_199' title='bbox 397 3190 485 3256; x_wconf 85' lang='lat' dir='ltr'>Tab.</span> <span class='ocrx_word' id='word_1_200' title='bbox 527 3200 654 3262; x_wconf 79' lang='lat' dir='ltr'>xviii.</span> <span class='ocrx_word' id='word_1_201' title='bbox 731 3203 852 3288; x_wconf 85' lang='lat' dir='ltr'>Caput</span> <span class='ocrx_word' id='word_1_202' title='bbox 880 3212 936 3282; x_wconf 59' lang='grc' dir='ltr'>αὖ,</span> <span class='ocrx_word' id='word_1_203' title='bbox 962 3199 1087 3288; x_wconf 87' lang='lat' dir='ltr'>pollio.</span> <span class='ocrx_word' id='word_1_204' title='bbox 1131 3198 1281 3285; x_wconf 88' lang='lat' dir='ltr'>longum</span> <span class='ocrx_word' id='word_1_205' title='bbox 1327 3222 1348 3269; x_wconf 90' lang='lat' dir='ltr'>e</span> <span class='ocrx_word' id='word_1_206' title='bbox 1391 3201 1494 3270; x_wconf 82' lang='lat' dir='ltr'>fusco</span> <span class='ocrx_word' id='word_1_207' title='bbox 1530 3207 1569 3268; x_wconf 87' lang='lat' dir='ltr'>et</span> <span class='ocrx_word' id='word_1_208' title='bbox 1607 3197 1804 3268; x_wconf 85' lang='lat' dir='ltr'>lutescenti</span> <span class='ocrx_word' id='word_1_209' title='bbox 1845 3203 2046 3289; x_wconf 66' lang='lat' dir='ltr'>coloribn.</span> 
     </span>
     <span class='ocr_line' id='line_1_24' title="bbox 324 3310 2044 3424; baseline 0.004 -49"><span class='ocrx_word' id='word_1_210' title='bbox 324 3310 583 3400; x_wconf 89' lang='lat' dir='ltr'>resplenlens‚</span> <span class='ocrx_word' id='word_1_211' title='bbox 626 3327 747 3386; x_wconf 91' lang='lat' dir='ltr'>rostro</span> <span class='ocrx_word' id='word_1_212' title='bbox 785 3331 893 3389; x_wconf 91' lang='lat' dir='ltr'>acuto</span> <span class='ocrx_word' id='word_1_213' title='bbox 932 3324 1084 3390; x_wconf 90' lang='lat' dir='ltr'>rubente</span> <span class='ocrx_word' id='word_1_214' title='bbox 1124 3323 1320 3406; x_wconf 62' lang='lat' dir='ltr'>deultum,</span> <span class='ocrx_word' id='word_1_215' title='bbox 1361 3330 1462 3406; x_wconf 65' lang='lat' dir='ltr'>cujus</span> <span class='ocrx_word' id='word_1_216' title='bbox 1500 3323 1648 3393; x_wconf 80' lang='lat' dir='ltr'>inferior</span> <span class='ocrx_word' id='word_1_217' title='bbox 1682 3320 1818 3387; x_wconf 86' lang='lat' dir='ltr'>lamina</span> <span class='ocrx_word' id='word_1_218' title='bbox 1853 3345 2044 3424; x_wconf 57' lang='lat' dir='ltr'>,upergofi</span> 
     </span>
     <span class='ocr_line' id='line_1_25' title="bbox 322 3426 2040 3551; baseline 0.021 -54"><span class='ocrx_word' id='word_1_219' title='bbox 322 3426 470 3500; x_wconf 76' lang='lat' dir='ltr'>brevior</span> <span class='ocrx_word' id='word_1_220' title='bbox 508 3446 583 3508; x_wconf 83' lang='lat' dir='ltr'>est.</span> <span class='ocrx_word' id='word_1_221' title='bbox 624 3438 710 3509; x_wconf 90' lang='lat' dir='ltr'>albo</span> <span class='ocrx_word' id='word_1_222' title='bbox 748 3440 872 3512; x_wconf 90' lang='lat' dir='ltr'>colore</span> <span class='ocrx_word' id='word_1_223' title='bbox 915 3447 1098 3531; x_wconf 80' lang='lat' dir='ltr'>insignita.</span> <span class='ocrx_word' id='word_1_224' title='bbox 1165 3447 1340 3514; x_wconf 75' lang='lat' dir='ltr'>Maniliae</span> <span class='ocrx_word' id='word_1_225' title='bbox 1379 3447 1550 3513; x_wconf 86' lang='lat' dir='ltr'>dentibus</span> <span class='ocrx_word' id='word_1_226' title='bbox 1585 3455 1739 3523; x_wconf 91' lang='lat' dir='ltr'>minimis</span> <span class='ocrx_word' id='word_1_227' title='bbox 1766 3454 2040 3551; x_wconf 83' lang='lat' dir='ltr'>albicantibus,</span> 
     </span>
     <span class='ocr_line' id='line_1_26' title="bbox 324 3554 2042 3674; baseline 0.019 -55"><span class='ocrx_word' id='word_1_228' title='bbox 324 3554 463 3621; x_wconf 88' lang='lat' dir='ltr'>crebris</span> <span class='ocrx_word' id='word_1_229' title='bbox 490 3577 653 3647; x_wconf 86' lang='lat' dir='ltr'>asperae.</span> <span class='ocrx_word' id='word_1_230' title='bbox 719 3569 867 3632; x_wconf 76' lang='lat' dir='ltr'>narium</span> <span class='ocrx_word' id='word_1_231' title='bbox 906 3567 1082 3636; x_wconf 88' lang='lat' dir='ltr'>foramina</span> <span class='ocrx_word' id='word_1_232' title='bbox 1122 3576 1298 3655; x_wconf 84' lang='lat' dir='ltr'>quatuor,</span> <span class='ocrx_word' id='word_1_233' title='bbox 1340 3573 1524 3657; x_wconf 88' lang='lat' dir='ltr'>utrimque</span> <span class='ocrx_word' id='word_1_234' title='bbox 1562 3572 1704 3644; x_wconf 86' lang='lat' dir='ltr'>scilicet</span> <span class='ocrx_word' id='word_1_235' title='bbox 1736 3578 1809 3649; x_wconf 88' lang='lat' dir='ltr'>duo</span> <span class='ocrx_word' id='word_1_236' title='bbox 1845 3605 1966 3674; x_wconf 76' lang='lat' dir='ltr'>parva</span> <span class='ocrx_word' id='word_1_237' title='bbox 1993 3587 2042 3658; x_wconf 86' lang='lat' dir='ltr'>ab</span> 
     </span>
     <span class='ocr_line' id='line_1_27' title="bbox 324 3682 2040 3797; baseline 0.022 -57"><span class='ocrx_word' id='word_1_238' title='bbox 324 3682 494 3745; x_wconf 82' lang='lat' dir='ltr'>extremo</span> <span class='ocrx_word' id='word_1_239' title='bbox 521 3690 640 3750; x_wconf 90' lang='lat' dir='ltr'>rostro</span> <span class='ocrx_word' id='word_1_240' title='bbox 664 3696 699 3766; x_wconf 60' lang='grc' dir='ltr'>ἰ,</span> <span class='ocrx_word' id='word_1_241' title='bbox 727 3707 748 3751; x_wconf 90' lang='lat' dir='ltr'>a</span> <span class='ocrx_word' id='word_1_242' title='bbox 777 3708 815 3753; x_wconf 86' lang='lat' dir='ltr'>se</span> <span class='ocrx_word' id='word_1_243' title='bbox 844 3695 1000 3756; x_wconf 85' lang='lat' dir='ltr'>invicem</span> <span class='ocrx_word' id='word_1_244' title='bbox 1029 3697 1063 3772; x_wconf 59' lang='lat'>,¹0</span> <span class='ocrx_word' id='word_1_245' title='bbox 1091 3692 1217 3775; x_wconf 85' lang='lat' dir='ltr'>pollio.</span> <span class='ocrx_word' id='word_1_246' title='bbox 1245 3690 1416 3757; x_wconf 87' lang='lat' dir='ltr'>distantia</span> <span class='ocrx_word' id='word_1_247' title='bbox 1437 3693 1542 3758; x_wconf 91' lang='lat' dir='ltr'>Oculi</span> <span class='ocrx_word' id='word_1_248' title='bbox 1567 3706 1602 3777; x_wconf 60' lang='lat' dir='ltr'>st</span> <span class='ocrx_word' id='word_1_249' title='bbox 1627 3697 1806 3771; x_wconf 88' lang='lat' dir='ltr'>diametro</span> <span class='ocrx_word' id='word_1_250' title='bbox 1834 3716 2040 3797; x_wconf 81' lang='lat' dir='ltr'>aequantis</span> 
     </span>
     <span class='ocr_line' id='line_1_28' title="bbox 320 3805 2040 3920; baseline 0.022 -60"><span class='ocrx_word' id='word_1_251' title='bbox 320 3813 408 3861; x_wconf 85' lang='lat' dir='ltr'>ase</span> <span class='ocrx_word' id='word_1_252' title='bbox 435 3805 589 3869; x_wconf 88' lang='lat' dir='ltr'>invicem</span> <span class='ocrx_word' id='word_1_253' title='bbox 614 3816 650 3888; x_wconf 52' lang='grc' dir='ltr'>ὦ</span> <span class='ocrx_word' id='word_1_254' title='bbox 679 3805 768 3894; x_wconf 82' lang='grc' dir='ltr'><strong>ροΙΙ.</strong></span> <span class='ocrx_word' id='word_1_255' title='bbox 812 3808 961 3878; x_wconf 71' lang='lat' dir='ltr'>dotant.</span> <span class='ocrx_word' id='word_1_256' title='bbox 1028 3815 1140 3877; x_wconf 85' lang='lat' dir='ltr'>irides</span> <span class='ocrx_word' id='word_1_257' title='bbox 1180 3813 1370 3877; x_wconf 89' lang='lat' dir='ltr'>oculorum</span> <span class='ocrx_word' id='word_1_258' title='bbox 1411 3835 1555 3883; x_wconf 89' lang='lat' dir='ltr'>aureae.</span> <span class='ocrx_word' id='word_1_259' title='bbox 1621 3823 1820 3894; x_wconf 87' lang='lat' dir='ltr'>Branchiae</span> <span class='ocrx_word' id='word_1_260' title='bbox 1862 3840 2040 3920; x_wconf 80' lang='lat' dir='ltr'>superius</span> 
     </span>
    </p>
   </div>
   <div class='ocr_carea' id='block_1_3' title="bbox 317 3913 2037 4038">
    <p class='ocr_par' dir='ltr' id='par_1_7' title="bbox 317 3913 2037 4038">
     <span class='ocr_line' id='line_1_29' title="bbox 317 3913 2037 4038; baseline 0.025 -56"><span class='ocrx_word' id='word_1_261' title='bbox 317 3913 421 3984; x_wconf 76' lang='lat' dir='ltr'>fusco</span> <span class='ocrx_word' id='word_1_262' title='bbox 447 3930 485 3989; x_wconf 88' lang='lat' dir='ltr'>et</span> <span class='ocrx_word' id='word_1_263' title='bbox 511 3944 710 4003; x_wconf 82' lang='lat' dir='ltr'>aeneo-.</span> <span class='ocrx_word' id='word_1_264' title='bbox 739 3931 885 3997; x_wconf 81' lang='lat' dir='ltr'>inferius</span> <span class='ocrx_word' id='word_1_265' title='bbox 913 3953 1024 4000; x_wconf 87' lang='lat' dir='ltr'>aureo</span> <span class='ocrx_word' id='word_1_266' title='bbox 1050 3935 1175 4001; x_wconf 90' lang='lat' dir='ltr'>colore</span> <span class='ocrx_word' id='word_1_267' title='bbox 1203 3932 1389 4022; x_wconf 84' lang='lat' dir='ltr'>punctulis</span> <span class='ocrx_word' id='word_1_268' title='bbox 1409 3939 1671 4024; x_wconf 86' lang='lat' dir='ltr'>nigricantibus</span> <span class='ocrx_word' id='word_1_269' title='bbox 1687 3951 1880 4038; x_wconf 82' lang='lat' dir='ltr'>variegato</span> <span class='ocrx_word' id='word_1_270' title='bbox 1896 3962 2037 4026; x_wconf 75' lang='lat' dir='ltr'>nitent.</span> 
     </span>
    </p>
   </div>
   <div class='ocr_carea' id='block_1_4' title="bbox 310 4038 2035 5004">
    <p class='ocr_par' dir='ltr' id='par_1_8' title="bbox 310 4038 2035 5004">
     <span class='ocr_line' id='line_1_30' title="bbox 321 4038 2035 4147; baseline 0.022 -41"><span class='ocrx_word' id='word_1_271' title='bbox 321 4038 464 4126; x_wconf 82' lang='lat' dir='ltr'>Corpus</span> <span class='ocrx_word' id='word_1_272' title='bbox 491 4045 755 4116; x_wconf 84' lang='lat' dir='ltr'>suhrotundum</span> <span class='ocrx_word' id='word_1_273' title='bbox 793 4053 903 4142; x_wconf 86' lang='lat' dir='ltr'>paulo</span> <span class='ocrx_word' id='word_1_274' title='bbox 942 4077 1189 4145; x_wconf 88' lang='lat' dir='ltr'>compressum</span> <span class='ocrx_word' id='word_1_275' title='bbox 1225 4058 1383 4146; x_wconf 89' lang='lat' dir='ltr'>squamis</span> <span class='ocrx_word' id='word_1_276' title='bbox 1417 4063 1665 4131; x_wconf 80' lang='lat' dir='ltr'>minutissimis</span> <span class='ocrx_word' id='word_1_277' title='bbox 1693 4077 1883 4139; x_wconf 82' lang='lat' dir='ltr'>vestitum.</span> <span class='ocrx_word' id='word_1_278' title='bbox 1942 4082 2035 4147; x_wconf 87' lang='lat' dir='ltr'>Dor·</span> 
     </span>
     <span class='ocr_line' id='line_1_31' title="bbox 318 4169 2035 4270; baseline 0.028 -47"><span class='ocrx_word' id='word_1_279' title='bbox 318 4176 397 4224; x_wconf 82' lang='lat' dir='ltr'>sum</span> <span class='ocrx_word' id='word_1_280' title='bbox 426 4169 684 4258; x_wconf 89' lang='lat' dir='ltr'>tripterygium</span> <span class='ocrx_word' id='word_1_281' title='bbox 714 4180 815 4240; x_wconf 79' lang='lat' dir='ltr'>lusco</span> <span class='ocrx_word' id='word_1_282' title='bbox 841 4176 968 4243; x_wconf 92' lang='lat' dir='ltr'>colore</span> <span class='ocrx_word' id='word_1_283' title='bbox 994 4183 1133 4263; x_wconf 84' lang='lat' dir='ltr'>nitens,</span> <span class='ocrx_word' id='word_1_284' title='bbox 1177 4180 1338 4266; x_wconf 80' lang='lat' dir='ltr'>singulae</span> <span class='ocrx_word' id='word_1_285' title='bbox 1364 4201 1443 4259; x_wconf 67' lang='lat' dir='ltr'>eus</span> <span class='ocrx_word' id='word_1_286' title='bbox 1474 4192 1604 4270; x_wconf 84' lang='lat' dir='ltr'>pinnae</span> <span class='ocrx_word' id='word_1_287' title='bbox 1631 4189 1804 4259; x_wconf 86' lang='lat' dir='ltr'>mollibus</span> <span class='ocrx_word' id='word_1_288' title='bbox 1834 4200 1952 4268; x_wconf 85' lang='lat' dir='ltr'>radiis</span> <span class='ocrx_word' id='word_1_289' title='bbox 1983 4224 2035 4270; x_wconf 77' lang='lat' dir='ltr'>n·</span> 
     </span>
     <span class='ocr_line' id='line_1_32' title="bbox 317 4274 2029 4410; baseline 0.028 -65"><span class='ocrx_word' id='word_1_290' title='bbox 317 4274 613 4374; x_wconf 58' lang='lat' dir='ltr'>structae&#39;sunt,</span> <span class='ocrx_word' id='word_1_291' title='bbox 654 4314 853 4384; x_wconf 87' lang='lat' dir='ltr'>earumque</span> <span class='ocrx_word' id='word_1_292' title='bbox 879 4306 1041 4366; x_wconf 75' lang='lat' dir='ltr'>antenor</span> <span class='ocrx_word' id='word_1_293' title='bbox 1075 4315 1108 4384; x_wconf 65' lang='lat' dir='ltr'>r}</span> <span class='ocrx_word' id='word_1_294' title='bbox 1139 4301 1267 4390; x_wconf 80' lang='lat' dir='ltr'>pollrc.</span> <span class='ocrx_word' id='word_1_295' title='bbox 1320 4301 1493 4389; x_wconf 65' lang='lat' dir='ltr'>longa-oi</span> <span class='ocrx_word' id='word_1_296' title='bbox 1523 4303 1619 4392; x_wconf 91' lang='lat' dir='ltr'>lata,</span> <span class='ocrx_word' id='word_1_297' title='bbox 1661 4314 1778 4380; x_wconf 80' lang='lat' dir='ltr'>media</span> <span class='ocrx_word' id='word_1_298' title='bbox 1810 4326 2029 4410; x_wconf 57' lang='lat' dir='ltr'>1¹·„pollic</span> 
     </span>
     <span class='ocr_line' id='line_1_33' title="bbox 314 4396 2033 4535; baseline 0.027 -67"><span class='ocrx_word' id='word_1_299' title='bbox 314 4396 545 4491; x_wconf 86' lang='lat' dir='ltr'>longitudine</span> <span class='ocrx_word' id='word_1_300' title='bbox 574 4421 615 4492; x_wconf 69' lang='lat' dir='ltr'>ut</span> <span class='ocrx_word' id='word_1_301' title='bbox 644 4415 840 4484; x_wconf 88' lang='lat' dir='ltr'>lattudine</span> <span class='ocrx_word' id='word_1_302' title='bbox 865 4430 1008 4509; x_wconf 85' lang='lat' dir='ltr'>aequat.</span> <span class='ocrx_word' id='word_1_303' title='bbox 1066 4428 1247 4490; x_wconf 84' lang='lat' dir='ltr'>Posterior</span> <span class='ocrx_word' id='word_1_304' title='bbox 1274 4433 1330 4507; x_wconf 73' lang='lat' dir='ltr'>⁹a&#39;o</span> <span class='ocrx_word' id='word_1_305' title='bbox 1357 4423 1487 4516; x_wconf 86' lang='lat' dir='ltr'>longa,</span> <span class='ocrx_word' id='word_1_306' title='bbox 1528 4437 1585 4513; x_wconf 62' lang='lat'>250</span> <span class='ocrx_word' id='word_1_307' title='bbox 1611 4433 1734 4520; x_wconf 85' lang='lat' dir='ltr'>pollio.</span> <span class='ocrx_word' id='word_1_308' title='bbox 1764 4434 1856 4527; x_wconf 66' lang='lat' dir='ltr'>lata,</span> <span class='ocrx_word' id='word_1_309' title='bbox 1913 4449 2033 4535; x_wconf 78' lang='lat' dir='ltr'>Supe-</span> 
     </span>
     <span class='ocr_line' id='line_1_34' title="bbox 314 4527 2031 4653; baseline 0.024 -61"><span class='ocrx_word' id='word_1_310' title='bbox 314 4530 390 4592; x_wconf 82' lang='lat' dir='ltr'>rior</span> <span class='ocrx_word' id='word_1_311' title='bbox 416 4527 571 4596; x_wconf 87' lang='lat' dir='ltr'>dorsalis</span> <span class='ocrx_word' id='word_1_312' title='bbox 599 4538 707 4623; x_wconf 86' lang='lat' dir='ltr'>pinna</span> <span class='ocrx_word' id='word_1_313' title='bbox 734 4537 780 4604; x_wconf 91' lang='lat' dir='ltr'>ab</span> <span class='ocrx_word' id='word_1_314' title='bbox 807 4550 976 4609; x_wconf 80' lang='lat' dir='ltr'>extremo</span> <span class='ocrx_word' id='word_1_315' title='bbox 1010 4552 1130 4611; x_wconf 90' lang='lat' dir='ltr'>rostro</span> <span class='ocrx_word' id='word_1_316' title='bbox 1156 4546 1199 4634; x_wconf 70' lang='lat'>4}</span> <span class='ocrx_word' id='word_1_317' title='bbox 1226 4546 1372 4634; x_wconf 76' lang='lat' dir='ltr'>pollio,</span> <span class='ocrx_word' id='word_1_318' title='bbox 1423 4549 1541 4614; x_wconf 88' lang='lat' dir='ltr'>media</span> <span class='ocrx_word' id='word_1_319' title='bbox 1580 4551 1625 4617; x_wconf 89' lang='lat' dir='ltr'>ab</span> <span class='ocrx_word' id='word_1_320' title='bbox 1650 4562 1824 4625; x_wconf 83' lang='lat' dir='ltr'>anteriori</span> <span class='ocrx_word' id='word_1_321' title='bbox 1855 4575 1869 4645; x_wconf 60' lang='grc' dir='ltr'>ξ</span> <span class='ocrx_word' id='word_1_322' title='bbox 1898 4567 2031 4653; x_wconf 79' lang='lat' dir='ltr'>pollre.</span> 
     </span>
     <span class='ocr_line' id='line_1_35' title="bbox 313 4651 2030 4759; baseline 0.025 -46"><span class='ocrx_word' id='word_1_323' title='bbox 313 4651 497 4736; x_wconf 68' lang='lat' dir='ltr'>postorior</span> <span class='ocrx_word' id='word_1_324' title='bbox 533 4672 554 4716; x_wconf 91' lang='lat' dir='ltr'>a</span> <span class='ocrx_word' id='word_1_325' title='bbox 593 4657 711 4724; x_wconf 88' lang='lat' dir='ltr'>media</span> <span class='ocrx_word' id='word_1_326' title='bbox 747 4676 781 4746; x_wconf 67' lang='lat'>,3</span> <span class='ocrx_word' id='word_1_327' title='bbox 827 4664 952 4752; x_wconf 85' lang='lat' dir='ltr'>pollio.</span> <span class='ocrx_word' id='word_1_328' title='bbox 993 4667 1115 4733; x_wconf 74' lang='lat' dir='ltr'>distat.</span> <span class='ocrx_word' id='word_1_329' title='bbox 1183 4667 1294 4736; x_wconf 89' lang='lat' dir='ltr'>Color</span> <span class='ocrx_word' id='word_1_330' title='bbox 1326 4673 1516 4759; x_wconf 88' lang='lat' dir='ltr'>pinnarum</span> <span class='ocrx_word' id='word_1_331' title='bbox 1543 4691 1563 4737; x_wconf 94' lang='lat' dir='ltr'>e</span> <span class='ocrx_word' id='word_1_332' title='bbox 1590 4672 1692 4742; x_wconf 90' lang='lat' dir='ltr'>fusco</span> <span class='ocrx_word' id='word_1_333' title='bbox 1719 4685 1757 4747; x_wconf 88' lang='lat' dir='ltr'>et</span> <span class='ocrx_word' id='word_1_334' title='bbox 1783 4680 1875 4752; x_wconf 92' lang='lat' dir='ltr'>albo</span> <span class='ocrx_word' id='word_1_335' title='bbox 1903 4709 2030 4756; x_wconf 76' lang='lat' dir='ltr'>vanua</span> 
     </span>
     <span class='ocr_line' id='line_1_36' title="bbox 311 4776 2027 4884; baseline 0.027 -51"><span class='ocrx_word' id='word_1_336' title='bbox 311 4776 480 4856; x_wconf 61' lang='lat' dir='ltr'>enemo</span> <span class='ocrx_word' id='word_1_337' title='bbox 509 4780 721 4846; x_wconf 81' lang='lat' dir='ltr'>extremitat</span> <span class='ocrx_word' id='word_1_338' title='bbox 742 4783 832 4868; x_wconf 87' lang='lat' dir='ltr'>bus,</span> <span class='ocrx_word' id='word_1_339' title='bbox 874 4808 966 4884; x_wconf 87' lang='lat' dir='ltr'>quae</span> <span class='ocrx_word' id='word_1_340' title='bbox 1005 4787 1199 4856; x_wconf 88' lang='lat' dir='ltr'>lutescenti</span> <span class='ocrx_word' id='word_1_341' title='bbox 1241 4790 1366 4857; x_wconf 87' lang='lat' dir='ltr'>colore</span> <span class='ocrx_word' id='word_1_342' title='bbox 1407 4793 1691 4882; x_wconf 75' lang='lat' dir='ltr'>distinguuntur.</span> <span class='ocrx_word' id='word_1_343' title='bbox 1747 4805 1879 4870; x_wconf 71' lang='lat' dir='ltr'>latero</span> <span class='ocrx_word' id='word_1_344' title='bbox 1909 4832 2027 4880; x_wconf 71' lang='lat' dir='ltr'>..oreo</span> 
     </span>
     <span class='ocr_line' id='line_1_37' title="bbox 310 4891 2027 5004; baseline 0.027 -48"><span class='ocrx_word' id='word_1_345' title='bbox 310 4891 438 4958; x_wconf 83' lang='lat' dir='ltr'>colore</span> <span class='ocrx_word' id='word_1_346' title='bbox 476 4900 639 4966; x_wconf 68' lang='lat' dir='ltr'>mimium</span> <span class='ocrx_word' id='word_1_347' title='bbox 677 4911 825 4993; x_wconf 85' lang='lat' dir='ltr'>punctis</span> <span class='ocrx_word' id='word_1_348' title='bbox 867 4918 978 4998; x_wconf 81' lang='lat' dir='ltr'>ngris</span> <span class='ocrx_word' id='word_1_349' title='bbox 1016 4931 1211 5003; x_wconf 86' lang='lat' dir='ltr'>persperso</span> <span class='ocrx_word' id='word_1_350' title='bbox 1248 4913 1494 5004; x_wconf 84' lang='lat' dir='ltr'>resplendent.</span> <span class='ocrx_word' id='word_1_351' title='bbox 1561 4921 1737 4989; x_wconf 85' lang='lat' dir='ltr'>Ventrem</span> <span class='ocrx_word' id='word_1_352' title='bbox 1774 4923 1884 4995; x_wconf 78' lang='lat' dir='ltr'>solor</span> <span class='ocrx_word' id='word_1_353' title='bbox 1916 4932 2027 5002; x_wconf 79' lang='lat' dir='ltr'>albus</span> 
     </span>
    </p>
   </div>
   <div class='ocr_carea' id='block_1_5' title="bbox 0 0 2206 5902">
    <p class='ocr_par' dir='ltr' id='par_1_9' title="bbox 0 0 2206 5902">
     <span class='ocr_line' id='line_1_38' title="bbox 0 0 2206 5902; baseline 0 5"><span class='ocrx_word' id='word_1_354' title='bbox 0 0 2206 5902; x_wconf 95' lang='lat' dir='ltr'> </span> 
     </span>
    </p>
   </div>
  </div>
 </body>
</html>
