4404 5902
891 333 1043 388 εει-ιε
1726 308 1807 396 18!

100 552 371 640 compressa,
401 520 555 608 sensim
584 524 838 612 adtenuata:
882 545 1021 610 rorum
1050 556 1074 610 e
1104 554 1285 640 gryseu·
1300 512 1586 640 argentatum,
1618 556 1813 642 squamu‘

100 679 160 765 lis
191 682 277 761 fere
307 677 612 793 inconspicuis,
656 680 730 761 sed
759 676 937 789 oblique
965 682 1183 764 decussato
1202 732 1212 744 ·
1230 679 1421 764 striarum
1493 681 1646 764 Pinnae
1676 702 1814 793 pecto·

101 841 216 919 tales
243 828 531 933 mollissimae,
562 855 719 916 acutae.
767 834 958 917 Damalis
986 855 1029 916 et
1043 841 1178 917 anulis
1199 832 1252 921 in
1272 831 1440 947 apicem
1467 836 1625 918 caudae
1654 849 1809 917 coeun·

101 1008 172 1071 tes
202 983 397 1096 aequales
426 984 544 1098 prior
569 983 754 1069 anterius
780 986 1018 1100 occipiens,
1070 986 1198 1069 radiis
1231 985 1488 1070 tenuissimis
1519 982 1810 1069 numerosissi-

101 1135 208 1239 mis,
239 1137 353 1250 pelle
384 1137 654 1221 crassiuscula
681 1139 825 1222 unitis.
885 1146 971 1221 Ani
998 1162 1191 1254 apertura
1221 1140 1395 1254 duplex.
1452 1140 1611 1225 Radius
1642 1136 1690 1223 in
1718 1134 1812 1253 pina

98 1320 164 1374 na
189 1288 352 1375 dorsali
385 1305 471 1378 130.
499 1290 548 1376 in
574 1323 614 1407 p.
647 1291 717 1376 ani
747 1305 810 1399 98.
844 1289 934 1375 sine
964 1293 1096 1376 radiis
1126 1295 1301 1377 caudae.

697 1729 881 1838 XXIV·
946 1728 1221 1837 GADl

799 2017 1120 2036 Ἣ

244 2210 356 2300 Gadi
384 2213 432 2296 in
456 2208 610 2296 nostris
649 2209 835 2297 maribus·
873 2209 1193 2296 individuorum
1233 2206 1368 2326 magis
1403 2237 1529 2326 quam
1566 2206 1804 2323 specierum

92 2399 281 2461 numero
325 2366 573 2479 splendent,
632 2367 737 2448 forte
780 2365 882 2448 ideo
925 2368 1039 2478 quod
1080 2365 1289 2480 piscatura
1327 2368 1437 2480 apud
1476 2395 1550 2448 nos
1592 2365 1804 2448 maritima

89 2528 261 2638 ubique
292 2522 377 2602 fere
406 2517 450 2600 in
478 2516 737 2602 incunabilis
761 2540 837 2600 est.
889 2517 1145 2602 Verosimile
1175 2519 1291 2602 eninr
1318 2518 1367 2602 in
1393 2517 1634 2601 borealibus
1651 2539 1803 2601 nostris

85 2677 288 2766 maribus
319 2672 366 2754 in·
393 2671 477 2754 alto
505 2671 958 2785 qlerasqueGadorum
983 2669 1145 2783 species
1175 2669 1389 2774 habitare,
1419 2667 1494 2784 qui
1522 2667 1573 2753 in·
1585 2670 1803 2755 Britan-ico

88 2856 138 2921 et
169 2824 434 2914 Germanico
462 2824 562 2906 mari
594 2827 816 2907 abundant.
891 2826 1105 2935 Adeoque·
1137 2854 1222 2907 non
1252 2823 1423 2908 inficior
1445 2823 1494 2907 in·
1524 2820 1640 2927 hoc,
1681 2822 1805 2908 utin

85 2982 295 3105 plun'bus
327 2976 421 3063 aliis
450 2977 699 3090 generibus‚
727 2979 861 3061 multa
885 2976 1179 3101 inposterum
1209 2975 1319 3060 meis¹
1344 2977 1445 3061 addi
1471 3004 1612 3096 posse

484 3358 488 3363 ·
565 3338 679 3440 141.
736 3319 1346 3412 Ganuenta-rrius.

239 3619 280 3701 G
317 3609 535 3728 tripinnis‚
579 3640 651 3696 ure
692 3608 906 3715 cirrhato,
948 3610 1081 3695 cauda
1120 3604 1313 3722 aequali,
1351 3606 1475 3693 radio
1507 3604 1652 3723 primo·
1688 3600 1803 3689 unali

89 3770 304 3891 spinoso?

322 3915 528 4004 Morrhua·
556 3940 798 4018 auctorum,
843 3916 1064 4029 Willugltb.
1096 3920 1220 4003 ichth.
1255 3948 1295 4029 p.
1332 3927 1424 4002 165.
1450 3915 1541 4029 Raj.
1572 3938 1667 4022 syn.
1696 3917 1804 4024 pise.

379 4107 419 4190 ρ’.
452 4086 518 4160 53.
549 4103 588 4154 n.
625 4109 661 4158 t.
1477 4186 1484 4200 ·

321 4231 466 4313 Gadus
492 4224 712 4320 Moubua,
744 4230 833 4310 Ltn.
864 4245 970 4335 syst-
999 4223 1095 4306 ΧΠ.
1126 4224 1160 4307 l.
1191 4251 1231 4335 p.
1262 4233 1357 4325 436.
1387 4250 1449 4334 sp.
1480 4228 1527 4304 3.

320 4383 461 4465 Gadus
503 4382 689 4493 squamis
728 4379 982 4492 majoribus,
1032 4378 1179 4460 Broca
1223 4390 1323 4491 pasc.
1361 4404 1494 4485 germ.
1532 4372 1593 4453 ll.
1631 4401 1673 4485 p.
1709 4381 1804 4473 145.

377 4533 462 4617 tab.
493 4546 563 4637 64,

322 4687 533 4775 Common
564 4686 679 4783 Con,
717 4687 908 4770 Pennant.
943 4682 1059 4767 Ζοοϊ.
1091 4683 1197 4765 Brit.
1226 4680 1326 4789 (410)
1356 4679 1431 4760 m.
1463 4708 1503 4788 p.
1540 4691 1629 4763 152.
1661 4707 1702 4761 n.
1730 4685 1805 4786 73»

204 4839 354 4928 Rossis
385 4842 551 4925 Treslrn.
609 4838 945 4924 Cauitsclradalis
974 4840 1137 4918 Battui.
1186 4830 1489 4947 inponensibus
1521 4828 1653 4914 Tara-
