4404 5902
642 494 802 668 'xvt
883 557 1564 669 erGNArnr.

410 1008 614 1094 Anomali
641 1008 764 1120 hujus
790 1010 955 1124 generis
993 1019 1154 1096 Natura
1192 1009 1329 1097 adhuc
1356 1007 1403 1095 in
1431 1013 1607 1097 obscuro
1627 1016 1714 1097 est.
1779 1011 1959 1099 Credidi

274 1163 483 1277 quondam
512 1161 627 1246 etin
654 1164 886 1277 Spicilegiis
919 1165 1158 1274 Zoologicis
1199 1164 1343 1271 (Fasc.
1385 1164 1499 1245 VIII.
1540 1196 1581 1278 p.
1626 1170 1721 1274 32.)
1765 1163 1957 1283 exposui,

274 1313 438 1427 prolem
464 1311 575 1397 intra
603 1311 747 1397 matris
776 1317 916 1398 alvum
945 1316 1183 1415 exclusam,
1226 1333 1349 1426 rupto
1376 1310 1741 1425 longitudinaliter
1769 1286 1958 1401 abdomi-

270 1492 321 1547 ne
350 1460 525 1547 effundi.
583 1465 666 1550 Sed
696 1461 836 1549 obiter
856 1486 1055 1579 persecta
1088 1492 1153 1567 re,
1205 1460 1341 1545 erravi
1370 1468 1442 1572 (⁸).
1500 1463 1671 1546 Etenim
1698 1465 1744 1549 in
1771 1465 1957 1582 ponticis

270 1610 527 1728 Syngnathis
553 1613 707 1718 didici,
751 1637 901 1699 matres
930 1614 1067 1700 ovulis
1095 1611 1337 1727 majusculis
1364 1613 1555 1727 gravidas
1584 1637 1628 1698 et
1655 1615 1861 1730 turgidas,
1904 1646 1955 1701 ea

269 1763 440 1879 proprio
469 1766 597 1849 ductu
626 1764 695 1848 ani
721 1764 918 1880 proximo
945 1764 1195 1866 excludere,
1233 1765 1307 1847 sed
1334 1766 1485 1848 eodem
1513 1765 1764 1850 maturitatis
1792 1789 1953 1882 tempo-¹

269 1943 312 1998 re
342 1915 520 1998 caudam
560 1914 760 2000 inferiore
795 1916 928 2001 latere
965 1913 1278 2002 discedentibus
1320 1915 1500 1998 multum
1545 1916 1706 2027 angulis
1735 1918 1952 2020 latescere,

268 2090 310 2151 et
334 2065 522 2152 mediam
563 2087 745 2150 suturam
789 2067 899 2151 inter
936 2094 1125 2181 squamas
1166 2062 1343 2162 difindi,
1399 2088 1572 2179 propter
1611 2065 1736 2150 orula
1775 2070 1952 2152 obscuro

265 2219 451 2332 quodum
478 2214 767 2302 mechanismo
793 2217 840 2302 in
868 2215 978 2304 hanc
1006 2213 1357 2330 longitudinalem
1386 2215 1555 2317 rimam,
1595 2215 1708 2300 intus
1735 2218 1834 2303 satis
1861 2249 1951 2330 spa-

263 2366 412 2452 tiosam
440 2390 630 2482 recepta,
657 2366 732 2453 ubi
761 2370 1040 2455 excluduntur
1067 2369 1222 2468 foetus,
1252 2388 1297 2449 et
1328 2364 1608 2481 aliquamdiu,
1636 2374 1723 2480 jam
1758 2372 1949 2484 perfecta

265 2520 425 2634 proles,
481 2518 611 2601 latere
638 2519 761 2605 solet.
837 2526 907 2602 An
934 2521 1120 2634 perfecta
1148 2515 1432 2632 generationis
1460 2517 1836 2637 negotiosspere'ant
1863 2550 1948 2605 ma·

263 2692 370 2771 tres,
423 2671 500 2753 vel
528 2669 714 2784 disrupta
742 2669 835 2755 ovis
861 2671 1019 2756 caudae
1056 2692 1196 2754 sutura
1231 2668 1440 2755 coalescat
1467 2670 1606 2753 denuo
1634 2691 1679 2752 et
1704 2670 1947 2754 restituatur

255 2819 304 2904 in
330 2819 580 2936 pristinum,
623 2818 762 2905 adhuc
789 2819 836 2905 in
866 2825 1073 2935 suspenso'
1093 2830 1157 2903 est
1185 2818 1372 2934 enigma,
1430 2820 1544 2934 quod
1572 2819 1667 2905 aliis
1695 2822 1946 2907 solvendum

252 2970 470 3085 relinquo.
541 2970 724 3055 Videtur
750 2969 894 3087 itaque
926 3003 1003 3088 per
1033 2969 1325 3084 Syngnathos,
1381 2970 1493 3055 inter
1519 2971 1657 3084 pisces
1684 2972 1941 3089 marsupium

251 3119 594 3236 Didelphidum,
651 3128 813 3206 Natura
839 3122 1005 3206 imitare
1036 3121 1233 3206 voluisse.
1304 3122 1529 3206 Caeterum
1559 3120 1797 3233 Syngnathi
1823 3126 1944 3206 bran·

250 3270 369 3359 chiis
397 3294 441 3356 et
468 3272 676 3387 operculis
717 3259 772 3359 ad
815 3273 1169 3388 Spiraeulatorum
1208 3268 1401 3353 ordinem
1432 3271 1559 3385 plane
1601 3302 1685 3356 non
1713 3241 1943 3387 pertinent,

252 3426 332 3509 sed
358 3424 556 3539 opercula
590 3423 777 3540 undique
812 3425 982 3528 adnata,
1037 3443 1201 3506 tautum
1242 3421 1296 3504 ad
1331 3418 1516 3505 nucham
1549 3420 1713 3537 reliqua
1749 3442 1944 3536 apertura

247 3606 385 3692 parra
411 3596 456 3659 et
483 3575 711 3662 valvulosa.

505 3824 589 3919 91.
643 3796 1202 3893 SYNGNATHUS
1248 3801 1690 3921 Hippocontpus.

394 4033 434 4114 S.
474 4030 606 4144 pinna
647 4029 804 4113 caudae
840 4029 1094 4115 tetraedrae.
1117 4030 1255 4137 nulla,
1312 4057 1487 4144 corpore
1525 4049 1688 4141 septem
1715 4022 1939 4138 augulato,

258 4180 506 4266 cancellato.

469 4330 801 4447 Hippocampus,
856 4336 1021 4422 Aelian.
1062 4334 1394 4420 turnultus.
1425 4364 1519 4448 cap.
1555 4347 1615 4435 ι4.
1675 4326 1934 4451 Willuglrbej.

526 4481 726 4595 ichthyol.
755 4519 796 4601 p.
832 4500 920 4596 157.
947 4491 1041 4605 Raj.
1070 4495 1171 4598 pise.
1200 4519 1241 4600 p.
1270 4500 1338 4590 45.
1366 4499 1434 4588 46.
1463 4516 1502 4568 n.
1538 4517 1554 4565 ι
1586 4529 1642 4546 -
1668 4496 1710 4584 4.

258 4629 871 4662 Μ

311 4709 356 4800 (⁸)
379 4717 547 4779 Errorem
573 4733 692 4779 meum
723 4711 964 4803 adoptaverat
1000 4713 1135 4783 amicos.
1171 4704 1316 4783 Pennant
1348 4715 1388 4780 iu
1418 4705 1554 4796 Zoolcg.
1591 4704 1743 4778 Britan.
1769 4699 1847 4771 etit.
1875 4713 1934 4801 pru

373 4828 402 4904 V
402 4835 442 4905 ol.
471 4828 544 4905 ΠΙ.
567 4853 602 4926 p·
629 4855 706 4911 122·
732 4832 817 4906 hinc
843 4834 1093 4924 corrigendus.
