4404 5902
1041 352 1187 463 ἐτι-
1895 373 1960 474 ‚85

301 586 494 678 emerint
517 585 607 703 jun.
660 578 906 704 Descripsit
922 586 1104 674 eundem
1130 583 1262 676 etiam
1285 584 1565 679 chevalier
1598 588 1646 678 in
1674 591 1817 679 Actor..
1845 599 1959 707 angl.

306 750 382 827 unni
397 755 510 852 1773.
537 739 650 824 Part.
676 741 732 821 ll.
761 760 806 821 et
831 739 942 853 apud
967 741 1145 826 Rozier
1171 741 1271 826 Obs.
1301 743 1352 826 de
1378 745 1586 859 Physique
1605 744 1724 827 Tom.
1745 747 1823 828 ΙΙΙ.
1851 748 1956 864 Maj.

311 909 402 1003 ¹774·
430 925 471 1006 p.
499 905 593 1000 374.
621 921 703 1005 seq.
731 885 806 972 hic
832 911 975 973 tamen
1002 918 1087 975 non
1114 889 1205 975 sine
1234 919 1372 978 errore
1389 900 1461 1004 (*).
1490 941 1548 959 --
1576 895 1801 979 Caeterum
1831 895 1955 1011 copia

306 1041 603 1158 Acipenserum,
656 1036 702 1122 in
745 1037 863 1154 aquis
879 1010 1109 1125 ¹..natalibus
1148 1040 1374 1145 immensa,
1431 1044 1558 1129 facile
1602 1073 1656 1127 ex
1699 1045 1955 1153 abundantia

306 1192 512 1277 oratiorum
540 1190 805 1305 explicatur„
864 1189 934 1275 sic
964 1188 1079 1275 enim
1105 1192 1286 1275 Hnsonis
1312 1190 1454 1276 oraria
1483 1195 1756 1278 ducentarum
1784 1193 1955 1282 circiter

306 1338 474 1426 librarum
502 1340 751 1427 tossicarum
786 1345 950 1457 pondus
994 1338 1236 1454 aequantia,
1291 1339 1328 1424 si
1355 1344 1480 1426 ovula
1508 1365 1687 1457 quatuor
1711 1374 1796 1429 uno
1825 1376 1954 1460 grano
2069 1451 2079 1467 ‚

303 1490 444 1597 circiter
483 1491 676 1605 aequalia
718 1521 868 1605 ponas,
930 1511 973 1573 et
1010 1489 1180 1575 tertiam
1218 1514 1382 1605 partem
1424 1492 1621 1606 ponderis
1663 1525 1741 1608 pro
1766 1495 1879 1581 fibris
1908 1517 1954 1581 et

299 1625 525 1726 membranis
550 1639 685 1725 orarii
712 1637 953 1755 dempseris,
981 1640 1076 1723 rudi
1104 1628 1268 1725 calculo
1296 1640 1575 1726 continebunt
1600 1643 1711 1727 ultra
1737 1643 1820 1728 tria
1849 1644 1949 1730 mil·

292 1786 343 1875 lia
375 1791 556 1895 millium
598 1794 751 1907 (3000,
788 1795 909 1900 ooo.)
947 1792 1180 1875 ovulorum.
1250 1796 1304 1873 Et
1343 1790 1449 1874 item
1490 1794 1747 1903 Acipensen‘s
1781 1796 1953 1910 Halopis

287 1941 414 2026 oraria
439 1914 638 2028 librarum
674 1975 733 2024 ιι.
762 1942 816 2024 ad
853 1975 913 2023 ra.
942 1944 1140 2054 pondere,
1166 1941 1276 2024 ultra
1298 1955 1429 2043 34000
1460 1941 1680 2025 ovulorum
1707 1942 1950 2056 largientur.

278 2092 473 2211 Adeoque
501 2091 547 2175 in
575 2114 691 2176 tanta
718 2088 1073 2203 multiplicatione
1102 2083 1188 2175 non
1216 2115 1280 2174 est
1308 2091 1565 2194 mirandum,
1588 2091 1625 2174 si
1649 2090 1696 2175 in
1722 2092 1828 2178 locis
1855 2124 1951 2210 pro·

273 2236 553 2347 fundioribus,
623 2240 697 2324 ubi
737 2240 1016 2355 Acipenseres
1055 2238 1300 2355 hyematum
1342 2264 1645 2356 congregantur
1685 2264 1731 2325 et
1769 2264 1953 2359 torpent,

267 2405 384 2478 tanta
410 2423 555 2477 earum
580 2390 784 2505 reperitur
810 2391 956 2505 copia,
984 2414 1032 2476 ut
1056 2389 1230 2507 perticis
1256 2421 1365 2476 unco
1392 2391 1590 2506 praefixis
1619 2423 1773 2508 magno
1800 2424 1946 2479 nume·

265 2563 321 2621 10
350 2546 419 2630 sub
447 2541 584 2657 glacie
611 2532 778 2625 eitrahi
807 2563 975 2654 queant.
1039 2544 1404 2652 Quemadmodum
1434 2564 1572 2626 autem
1600 2541 1816 2627 turmatim
1842 2541 1949 2657 hye-

265 2712 404 2800 mant,
451 2692 513 2776 ita
540 2691 666 2775 etiam
695 2691 898 2804 gregatim
925 2690 1099 2773 flumina
1127 2713 1171 2773 et
1199 2691 1311 2774 sinus
1339 2690 1463 2775 maris
1493 2694 1775 2792 adscendunt,
1828 2722 1948 2809 prae-

265 2844 412 2961 sertim
450 2846 574 2957 Acip.
612 2845 764 2955 Helops
806 2863 982 2953 suntque
1023 2841 1297 2954 utplurimum
1336 2846 1443 2926 adeo
1484 2841 1662 2958 torpidi,
1717 2863 1766 2926 ut
1792 2842 1949 2948 hamis,

264 3010 350 3094 Per
372 3000 566 3081 rudentes
592 2992 639 3076 in
665 2993 917 3105 profundum
945 2988 1146 3075 demissos
1177 2990 1412 3105 dispositis,
1443 3023 1621 3109 corpore
1649 2991 1950 3079 adhaerescen-

265 3148 339 3226 tes
362 3175 448 3232 sese
474 3146 655 3230 liberare
683 3144 734 3225 ab
762 3140 816 3224 iis
845 3170 930 3224 non
963 3140 1142 3224 valeant.
1191 3190 1241 3207 -
1282 3144 1484 3227 Nondum
1521 3143 1657 3257 liquet
1684 3174 1737 3226 an
1765 3142 1948 3279 Acipen·

264 3306 381 3380 Seres
407 3297 453 3381 in
473 3291 713 3380 fluminibus
731 3288 848 3374 Novi
862 3288 989 3376 Orbis
1018 3292 1256 3402 frequentes
1285 3320 1381 3374 cum
1409 3290 1572 3403 nostris,
1590 3292 1676 3377 sint
1701 3290 1824 3376 unius
1855 3320 1949 3407 spe·

264 3431 377 3547 ciem
432 3445 601 3530 videtur
638 3441 749 3526 mihi
788 3439 929 3557 potius
969 3439 1155 3524 diversos
1183 3437 1345 3552 aliquos
1372 3469 1489 3540 esse,
1542 3440 1790 3556 praesertim
1816 3472 1948 3556 quum
1987 3432 1994 3447 ’

259 3579 451 3709 Konga,
493 3626 548 3679 ex
575 3591 772 3679 orientali
800 3595 971 3679 Oceano
1001 3591 1256 3675 adscendens
1285 3590 1495 3697 Daruriae
1522 3591 1698 3697 fluvios,
1749 3614 1869 3677 certe
1894 3566 1962 3679 ab·

256 3727 433 3832 11usone
462 3746 644 3830 differat.
714 3749 869 3829 Forsan
909 3741 1037 3859 piscis
1078 3740 1125 3824 in
1160 3742 1329 3826 Rosien’t
1357 3742 1505 3829 Diario
1536 3748 1695 3856 (Ioum.
1724 3743 1775 3828 ds
1802 3745 1950 3854 Physi-

255 3903 366 4002 qtae,
420 3906 540 3983 Tom.
569 3897 642 3979 IV.
665 3896 891 4017 'Novembm
926 3911 1041 4004 1774·
1070 3924 1112 4008 p.
1143 3905 1236 3994 284.
1265 3893 1349 3977 tab.
1384 3900 1444 4004 o.)
1473 3892 1549 3976 sub
1574 3891 1748 3976 nomine
1776 3891 1949 4004 Spatule

252 4023 526 4152 detinemus,
582 4042 856 4160 Acipenseris
883 4048 1099 4159 cujusdam
1125 4042 1173 4130 in
1202 4046 1301 4129 fluv.
1329 4039 1585 4158 Misschippi
1602 4038 1784 4157 vulgaris
1811 4039 1951 4154 proles

248 4198 358 4286 ‘Str

251 4455 885 4508 Ἀ*-

312 4688 362 4783 (’)
389 4695 448 4760 Sic
472 4693 567 4756 enim
593 4708 783 4779 perperam
808 4684 917 4758 docet
951 4689 1110 4755 vesicam
1149 4689 1325 4757 anemium
1364 4686 1536 4755 SturIonis
1575 4704 1646 4753 non
1675 4701 1741 4779 pro
1768 4675 1945 4772 ichthyo-

384 4810 478 4881 colla
503 4809 689 4899 adhiberi,
727 4829 810 4879 cum
835 4816 957 4878 tamen
980 4829 1028 4876 ex
1053 4807 1121 4878 illo
1145 4810 1289 4897 optime
1319 4813 1358 4877 et
1382 4806 1569 4877 oadasima
1593 4802 1761 4896 prodeat.
