4404 5902
1061 322 1206 370 ΕΞ
1890 328 1973 411 149

279 548 403 605 nusae
431 516 542 622 basi,
570 547 644 603 seu
677 518 843 603 brachio
871 512 1153 629 implantatis,
1184 525 1308 629 pirum
1338 517 1492 603 dorsali
1519 486 1659 633 priore
1689 520 1774 603 fere
1804 550 1971 637 semper

277 671 528 772 sextadiata,
559 673 688 754 radiis
716 667 928 753 debilibus
957 669 1030 750 sed
1058 666 1404 782 spinescentibus,
1433 672 1569 755 cauda
1596 672 1765 754 robusta
1792 669 1966 788 integra,

281 823 453 904 delectu
481 821 599 905 omni
629 841 793 905 suturae
822 847 897 902 seu
923 819 1061 901 lineae
1091 818 1294 917 lateralis,
1323 819 1435 906 'imo
1463 829 1645 936 squamis
1671 823 1968 933 subaugulatis,

267 971 525 1068 crenulatis,
554 991 646 1054 cute
674 992 819 1054 tenere
848 990 892 1051 et
918 970 1164 1082 plerumque
1192 972 1402 1056 radiorum
1431 1002 1606 1058 numero
1633 969 1681 1055 in
1707 970 1850 1086 pinnis
1877 967 1970 1056 uni·

263 1119 403 1205 Iormi
429 1120 542 1205 iuter
575 1149 619 1203 se
656 1119 942 1220 conveniunt;
993 1140 1039 1201 ut
1079 1118 1296 1232 specificos
1339 1120 1602 1207 characteres
1640 1121 1785 1237 paucis
1828 1124 1968 1206 verbis

264 1271 505 1355 enunciare
536 1300 660 1386 saepe
691 1269 866 1355 difficile
907 1269 973 1352 sit.
1041 1271 1256 1355 coloribus
1298 1271 1427 1354 etiam
1468 1272 1659 1387 plerique
1702 1271 1969 1385 inconspicui

256 1444 395 1524 sunt,
452 1444 496 1506 et
524 1425 728 1506 Anatome
756 1421 1033 1523 conveniunt,
1089 1443 1208 1504 utet
1236 1423 1461 1534 pedunculo
1496 1423 1671 1537 genitali
1700 1443 1796 1506 ante
1828 1453 1966 1527 anum,

247 1577 331 1667 in
354 1594 530 1685 utroque
559 1601 662 1654 sexu
690 1593 879 1670 exserto,
907 1594 950 1655 et
977 1581 1129 1655 ovariis
1155 1569 1412 1684 multiparis,
1439 1576 1551 1657 unde
1580 1572 1764 1656 maxime
1792 1601 1967 1656 numero

246 1720 618 1836 nultiplicantur
658 1744 701 1806 et
740 1722 922 1837 piscium
962 1720 1176 1838 rapacium
1216 1723 1555 1834 frequentissima
1583 1745 1630 1807 et
1654 1721 1842 1806 imbellis
1871 1743 1966 1806 sunt

251 1874 446 1990 praeda.
541 1981 543 1984 Α

416 2024 485 2107 Ob
514 2053 718 2108 summam
747 2025 991 2140 Specierum
1018 2021 1132 2110 hanc
1159 2020 1504 2129 similitudinem,
1532 2023 1579 2111 in
1607 2022 1750 2109 multis
1778 2050 1965 2107 momen·

260 2169 340 2252 tis
375 2177 628 2274 absolutam,
684 2175 988 2291 descriptiones
1027 2198 1264 2261 nostrorum
1304 2179 1493 2260 omniurn
1536 2198 1766 2279 accuratas,
1821 2196 1866 2259 et
1908 2177 1962 2259 ad

259 2345 513 2408 mensuram
541 2347 708 2411 exactas
741 2327 1033 2441 plerarumque
1069 2325 1214 2411 icones
1248 2325 1322 2410 hic
1359 2329 1459 2412 dure
1492 2326 1633 2429 volui,
1690 2325 1737 2409 in
1773 2325 1958 2439 comple·
2072 2413 2076 2429 ,

257 2490 471 2559 mentum
501 2477 700 2561 latebrosi
727 2474 849 2589 hujus
878 2477 1063 2588 generis,
1114 2485 1198 2586 jam
1223 2475 1270 2558 in
1297 2479 1531 2590 SpiciIegIIs
1555 2479 1794 2588 ZoologIcis
1821 2478 1961 2587 (Fuso.

255 2610 413 2741 VIII.)
443 2659 466 2710 a
495 2656 564 2710 me
593 2627 813 2732 illustrati,
842 2630 956 2741 quod
984 2626 1084 2710 dein
1112 2630 1198 2712 Cel.
1227 2601 1473 2712 Broussonet
1500 2627 1669 2743 egregie
1698 2627 1829 2714 auxit.

345 2921 467 2987 111.
525 2896 833 2985 GOBIUS
888 2825 1452 3014 butruchocapbulus.
1498 2848 1632 2984 ΤᾸΒ.
1668 2895 1888 2988 XXVIII.

412 3087 463 3164 G.
492 3080 664 3165 maxilla
693 3079 892 3165 inferiore
923 3089 1100 3196 majore,
1130 3079 1271 3196 capite
1297 3082 1509 3193 depresso,
1533 3109 1709 3193 corpore
1734 3079 1958 3196 pinnisque

250 3229 470 3315 omnibus
487 3294 489 3299 ι
506 3230 743 3343 variegatis.

385 3382 527 3466 Rossis
555 3383 601 3466 in
629 3381 808 3489 Tauria,
847 3384 910 3469 uti
940 3412 1193 3497 congeneres
1219 3409 1384 3476 omnes,
1431 3384 1655 3466 Buitscholr
1682 3380 1715 3466 i.
1742 3410 1778 3464 e.
1808 3409 1958 3492 parvus

440 3542 542 3636 Bos,
573 3536 649 3618 sub
663 3504 947 3655 quoacapitis
961 3532 1250 3646 magnitudine
1266 3531 1456 3615 derivato
1471 3530 1658 3634 nornine,
1689 3534 1957 3640 (Buitscbby)

438 3693 617 3796 majores
646 3714 792 3769 omnes
819 3688 1110 3770 comeduntur.

414 3834 625 3921 Maximus
666 3836 897 3922 Gobiorum
936 3827 1227 3931 Ponticorum,
1280 3861 1406 3946 saepe
1443 3834 1592 3918 decern
1631 3833 1808 3949 pollices
1836 3860 1958 3916 exce·

287 3964 406 4085 (lens3
461 3953 625 4102 capitur
663 3985 909 4103 praesertim
950 3984 1062 4069 circa
1104 3982 1248 4066 littora
1287 3985 1531 4095 confragosa
1559 3981 1811 4069 Chersonesi
1839 3979 1958 4065 hera·

289 4116 503 4242 cleoticae,
547 4137 757 4253 imprimis
784 4136 831 4221 in
860 4144 986 4222 Portu
1014 4134 1308 4248 Symbolorum
1338 4136 1617 4244 (Balaclava),
1663 4132 1737 4218 ubi
1768 4165 1875 4248 aqua
1902 4135 1957 4217 ob

292 4287 607 4374 profunditatem
647 4311 690 4373 et
726 4287 825 4373 freti
866 4283 1096 4402 angustiam
1138 4314 1304 4397 semper
1337 4283 1575 4396 tranquilla
1632 4285 1775 4370 Minus
1812 4307 1958 4368 tamen

296 4433 467 4540 c‘inosus
496 4443 659 4525 duobus
686 4439 967 4553 sequentibus.
1040 4435 1212 4549 Squillis
1248 4457 1375 4547 atque
1409 4435 1609 4520 cancellis
1646 4435 1835 4520 maxime
1864 4432 1956 4546 pin·

299 4588 476 4673 glescunt
513 4612 557 4674 et
591 4618 740 4706 corpus
775 4590 950 4678 imbelle
991 4588 1104 4676 inter
1146 4619 1244 4673 saxa
1286 4608 1330 4671 et
1367 4585 1484 4670 fucos
1523 4608 1726 4672 tutantur.
1789 4590 1955 4696 Hyeme

299 4739 439 4849 quoque
467 4744 720 4859 frequentes.
