<?xml version="1.0" encoding="UTF-8"?>
<!DOCTYPE html PUBLIC "-//W3C//DTD XHTML 1.0 Transitional//EN"
    "http://www.w3.org/TR/xhtml1/DTD/xhtml1-transitional.dtd">
<html xmlns="http://www.w3.org/1999/xhtml" xml:lang="en" lang="en">
 <head>
  <title>
</title>
<meta http-equiv="Content-Type" content="text/html;charset=utf-8" />
  <meta name='ocr-system' content='tesseract 3.04.00' />
  <meta name='ocr-capabilities' content='ocr_page ocr_carea ocr_par ocr_line ocrx_word'/>
</head>
<body>
  <div class='ocr_page' id='page_1' title='image "./zoographiarosso00pallgoog_0031.png"; bbox 0 0 4404 5902; ppageno 0'>
   <div class='ocr_carea' id='block_1_1' title="bbox 934 567 1568 704">
    <p class='ocr_par' dir='ltr' id='par_1_1' title="bbox 934 567 1568 704">
     <span class='ocr_line' id='line_1_1' title="bbox 934 567 1568 704; baseline 0 -32"><span class='ocrx_word' id='word_1_1' title='bbox 934 594 1051 703; x_wconf 74' lang='lat'><strong>„9.“</strong></span> <span class='ocrx_word' id='word_1_2' title='bbox 1120 578 1345 674; x_wconf 84' lang='lat' dir='ltr'>RANA</span> <span class='ocrx_word' id='word_1_3' title='bbox 1417 567 1568 704; x_wconf 79' lang='lat' dir='ltr'><strong>Rufo.</strong></span> 
     </span>
    </p>
   </div>
   <div class='ocr_carea' id='block_1_2' title="bbox 388 848 2099 4485">
    <p class='ocr_par' dir='ltr' id='par_1_2' title="bbox 501 848 2099 2623">
     <span class='ocr_line' id='line_1_2' title="bbox 545 848 1928 960; baseline -0.008 -12"><span class='ocrx_word' id='word_1_4' title='bbox 545 867 598 948; x_wconf 82' lang='lat' dir='ltr'><strong>tt.</strong></span> <span class='ocrx_word' id='word_1_5' title='bbox 626 882 869 960; x_wconf 77' lang='lat' dir='ltr'><strong>verrucosa,</strong></span> <span class='ocrx_word' id='word_1_6' title='bbox 910 851 1078 941; x_wconf 89' lang='lat' dir='ltr'><strong>cinerea</strong></span> <span class='ocrx_word' id='word_1_7' title='bbox 1107 858 1222 941; x_wconf 85' lang='lat' dir='ltr'><strong>fusco</strong></span> <span class='ocrx_word' id='word_1_8' title='bbox 1248 855 1531 958; x_wconf 87' lang='lat' dir='ltr'><strong>tuberculata,</strong></span> <span class='ocrx_word' id='word_1_9' title='bbox 1573 849 1752 939; x_wconf 83' lang='lat' dir='ltr'><strong>iridibus</strong></span> <span class='ocrx_word' id='word_1_10' title='bbox 1781 848 1928 958; x_wconf 81' lang='lat' dir='ltr'><strong>aureis,</strong></span> 
     </span>
     <span class='ocr_line' id='line_1_3' title="bbox 624 1007 1662 1124; baseline -0.006 -26"><span class='ocrx_word' id='word_1_11' title='bbox 624 1016 792 1098; x_wconf 85' lang='lat' dir='ltr'><strong>Rubeta</strong></span> <span class='ocrx_word' id='word_1_12' title='bbox 821 1041 853 1096; x_wconf 88' lang='lat' dir='ltr'><strong>s.</strong></span> <span class='ocrx_word' id='word_1_13' title='bbox 881 1007 1124 1122; x_wconf 87' lang='lat' dir='ltr'><strong>Phrynum,</strong></span> <span class='ocrx_word' id='word_1_14' title='bbox 1181 1012 1343 1095; x_wconf 79' lang='lat' dir='ltr'><strong><em>Gesner.</em></strong></span> <span class='ocrx_word' id='word_1_15' title='bbox 1374 1040 1467 1124; x_wconf 84' lang='lat' dir='ltr'><strong>aqu.</strong></span> <span class='ocrx_word' id='word_1_16' title='bbox 1497 1041 1539 1122; x_wconf 82' lang='lat' dir='ltr'><strong>p.</strong></span> <span class='ocrx_word' id='word_1_17' title='bbox 1568 1020 1662 1120; x_wconf 80' lang='lat'><strong>807.</strong></span> 
     </span>
     <span class='ocr_line' id='line_1_4' title="bbox 621 1160 1572 1280; baseline -0.007 -30"><span class='ocrx_word' id='word_1_18' title='bbox 621 1167 731 1251; x_wconf 78' lang='lat' dir='ltr'><strong>Bufo</strong></span> <span class='ocrx_word' id='word_1_19' title='bbox 757 1194 831 1249; x_wconf 88' lang='lat' dir='ltr'><strong>seu</strong></span> <span class='ocrx_word' id='word_1_20' title='bbox 861 1165 1046 1264; x_wconf 87' lang='lat' dir='ltr'><strong>Rubeta,</strong></span> <span class='ocrx_word' id='word_1_21' title='bbox 1102 1163 1194 1280; x_wconf 77' lang='lat' dir='ltr'><strong>Raj.</strong></span> <span class='ocrx_word' id='word_1_22' title='bbox 1229 1160 1374 1280; x_wconf 83' lang='lat' dir='ltr'><strong>quadr.</strong></span> <span class='ocrx_word' id='word_1_23' title='bbox 1404 1194 1446 1276; x_wconf 82' lang='lat' dir='ltr'><strong>p·</strong></span> <span class='ocrx_word' id='word_1_24' title='bbox 1476 1175 1572 1249; x_wconf 78' lang='lat'><strong>552.</strong></span> 
     </span>
     <span class='ocr_line' id='line_1_5' title="bbox 621 1312 1652 1430; baseline -0.001 -28"><span class='ocrx_word' id='word_1_25' title='bbox 621 1320 730 1402; x_wconf 79' lang='lat' dir='ltr'><strong>Bufo</strong></span> <span class='ocrx_word' id='word_1_26' title='bbox 755 1312 984 1416; x_wconf 83' lang='lat' dir='ltr'><strong>terrestris,</strong></span> <span class='ocrx_word' id='word_1_27' title='bbox 1039 1315 1197 1399; x_wconf 86' lang='lat' dir='ltr'><strong>Roesel.</strong></span> <span class='ocrx_word' id='word_1_28' title='bbox 1227 1345 1315 1399; x_wconf 74' lang='lat' dir='ltr'><strong>rori.</strong></span> <span class='ocrx_word' id='word_1_29' title='bbox 1345 1345 1386 1430; x_wconf 87' lang='lat' dir='ltr'><strong>p.</strong></span> <span class='ocrx_word' id='word_1_30' title='bbox 1418 1326 1485 1401; x_wconf 84' lang='grc'><strong>85.</strong></span> <span class='ocrx_word' id='word_1_31' title='bbox 1514 1345 1553 1397; x_wconf 86' lang='lat' dir='ltr'><strong>n.</strong></span> <span class='ocrx_word' id='word_1_32' title='bbox 1586 1346 1652 1401; x_wconf 78' lang='lat' dir='ltr'><strong>oo.</strong></span> 
     </span>
     <span class='ocr_line' id='line_1_6' title="bbox 618 1468 1722 1581; baseline -0.004 -25"><span class='ocrx_word' id='word_1_33' title='bbox 618 1475 737 1567; x_wconf 83' lang='lat' dir='ltr'><strong>Rana</strong></span> <span class='ocrx_word' id='word_1_34' title='bbox 764 1468 896 1570; x_wconf 84' lang='lat' dir='ltr'><strong>Bufo,</strong></span> <span class='ocrx_word' id='word_1_35' title='bbox 953 1468 1044 1549; x_wconf 79' lang='lat' dir='ltr'><strong>Ltn.</strong></span> <span class='ocrx_word' id='word_1_36' title='bbox 1072 1486 1178 1577; x_wconf 85' lang='lat' dir='ltr'><strong>syst.</strong></span> <span class='ocrx_word' id='word_1_37' title='bbox 1208 1468 1304 1552; x_wconf 84' lang='lat' dir='ltr'><strong><em>XII.</em></strong></span> <span class='ocrx_word' id='word_1_38' title='bbox 1332 1469 1367 1552; x_wconf 84' lang='grc' dir='ltr'><strong>Ι.</strong></span> <span class='ocrx_word' id='word_1_39' title='bbox 1396 1498 1437 1580; x_wconf 84' lang='lat' dir='ltr'><strong>p.</strong></span> <span class='ocrx_word' id='word_1_40' title='bbox 1468 1478 1561 1570; x_wconf 73' lang='grc'><strong>354.</strong></span> <span class='ocrx_word' id='word_1_41' title='bbox 1589 1495 1652 1581; x_wconf 84' lang='lat' dir='ltr'><strong>sp.</strong></span> <span class='ocrx_word' id='word_1_42' title='bbox 1683 1478 1722 1552; x_wconf 78' lang='grc'><strong>3.</strong></span> 
     </span>
     <span class='ocr_line' id='line_1_7' title="bbox 506 1615 2099 1730; baseline 0.001 -23"><span class='ocrx_word' id='word_1_43' title='bbox 506 1619 680 1708; x_wconf 79' lang='lat' dir='ltr'><strong>Rossice</strong></span> <span class='ocrx_word' id='word_1_44' title='bbox 707 1623 869 1721; x_wconf 55' lang='lat' dir='ltr'><strong>statam</strong></span> <span class='ocrx_word' id='word_1_45' title='bbox 926 1615 1138 1702; x_wconf 82' lang='lat' dir='ltr'><strong>maximae</strong></span> <span class='ocrx_word' id='word_1_46' title='bbox 1179 1619 1413 1706; x_wconf 79' lang='lat' dir='ltr'><strong>Korownizi</strong></span> <span class='ocrx_word' id='word_1_47' title='bbox 1437 1616 1538 1730; x_wconf 89' lang='lat' dir='ltr'><strong>quia</strong></span> <span class='ocrx_word' id='word_1_48' title='bbox 1569 1615 1767 1701; x_wconf 88' lang='lat' dir='ltr'><strong>dicuntur</strong></span> <span class='ocrx_word' id='word_1_49' title='bbox 1793 1636 1922 1704; x_wconf 84' lang='lat' dir='ltr'><strong>noctu</strong></span> <span class='ocrx_word' id='word_1_50' title='bbox 1946 1644 2099 1709; x_wconf 70' lang='lat' dir='ltr'><strong>vacca·</strong></span> 
     </span>
     <span class='ocr_line' id='line_1_8' title="bbox 563 1767 1745 1881; baseline -0.005 -21"><span class='ocrx_word' id='word_1_51' title='bbox 563 1805 656 1860; x_wconf 88' lang='lat' dir='ltr'><strong>rum</strong></span> <span class='ocrx_word' id='word_1_52' title='bbox 682 1771 882 1859; x_wconf 82' lang='lat' dir='ltr'>uberibus</span> <span class='ocrx_word' id='word_1_53' title='bbox 909 1767 1162 1868; x_wconf 88' lang='lat' dir='ltr'><strong>adhaerere,</strong></span> <span class='ocrx_word' id='word_1_54' title='bbox 1198 1772 1311 1854; x_wconf 90' lang='lat' dir='ltr'><strong>unde</strong></span> <span class='ocrx_word' id='word_1_55' title='bbox 1338 1771 1514 1854; x_wconf 88' lang='lat' dir='ltr'><strong>uberum</strong></span> <span class='ocrx_word' id='word_1_56' title='bbox 1544 1770 1745 1881; x_wconf 71' lang='lat' dir='ltr'><strong>morbus).</strong></span> 
     </span>
     <span class='ocr_line' id='line_1_9' title="bbox 507 1918 1914 2023; baseline -0.003 -11"><span class='ocrx_word' id='word_1_57' title='bbox 507 1925 753 2013; x_wconf 85' lang='lat' dir='ltr'><strong>Morduanis</strong></span> <span class='ocrx_word' id='word_1_58' title='bbox 782 1926 876 2013; x_wconf 83' lang='lat' dir='ltr'><strong>Ozn</strong></span> <span class='ocrx_word' id='word_1_59' title='bbox 890 1975 906 1992; x_wconf 91' lang='lat'><strong>·</strong></span> <span class='ocrx_word' id='word_1_60' title='bbox 919 1925 1176 2023; x_wconf 53' lang='lat' dir='ltr'><strong>monnicam</strong></span> <span class='ocrx_word' id='word_1_61' title='bbox 1232 1918 1559 2006; x_wconf 88' lang='lat' dir='ltr'><strong>Tscheremissis</strong></span> <span class='ocrx_word' id='word_1_62' title='bbox 1586 1922 1914 2010; x_wconf 70' lang='lat' dir='ltr'><strong>Saltu-schaba-</strong></span> 
     </span>
     <span class='ocr_line' id='line_1_10' title="bbox 501 2074 1359 2174; baseline -0.007 -10"><span class='ocrx_word' id='word_1_63' title='bbox 501 2074 816 2165; x_wconf 84' lang='lat' dir='ltr'><strong>Tschuvaschis</strong></span> <span class='ocrx_word' id='word_1_64' title='bbox 845 2079 966 2174; x_wconf 84' lang='lat' dir='ltr'><strong>Slen,</strong></span> <span class='ocrx_word' id='word_1_65' title='bbox 993 2075 1149 2159; x_wconf 78' lang='lat' dir='ltr'><strong>Schurc&#39;t</strong></span> <span class='ocrx_word' id='word_1_66' title='bbox 1164 2123 1179 2140; x_wconf 92' lang='lat'><strong>·</strong></span> <span class='ocrx_word' id='word_1_67' title='bbox 1193 2074 1359 2160; x_wconf 72' lang='lat' dir='ltr'><strong>schedis.</strong></span> 
     </span>
     <span class='ocr_line' id='line_1_11' title="bbox 504 2228 1508 2372; baseline -0.006 -58"><span class='ocrx_word' id='word_1_68' title='bbox 504 2229 697 2317; x_wconf 88' lang='lat' dir='ltr'><strong>Votiacis</strong></span> <span class='ocrx_word' id='word_1_69' title='bbox 723 2228 983 2347; x_wconf 67' lang='lat' dir='ltr'><strong>Spes-Eiteia.</strong></span> <span class='ocrx_word' id='word_1_70' title='bbox 1497 2333 1508 2372; x_wconf 45' lang='grc'><strong><em>1</em></strong></span> 
     </span>
     <span class='ocr_line' id='line_1_12' title="bbox 505 2375 1838 2469; baseline 0.002 -3"><span class='ocrx_word' id='word_1_71' title='bbox 505 2379 671 2466; x_wconf 86' lang='lat' dir='ltr'><strong>Tataris</strong></span> <span class='ocrx_word' id='word_1_72' title='bbox 697 2381 814 2465; x_wconf 71' lang='lat' dir='ltr'><strong>Koria</strong></span> <span class='ocrx_word' id='word_1_73' title='bbox 860 2380 981 2464; x_wconf 73' lang='lat' dir='ltr'><strong>bairis.</strong></span> <span class='ocrx_word' id='word_1_74' title='bbox 1038 2375 1242 2466; x_wconf 89' lang='lat' dir='ltr'><strong>Bucharis</strong></span> <span class='ocrx_word' id='word_1_75' title='bbox 1273 2376 1440 2465; x_wconf 75' lang='lat' dir='ltr'><strong>arabim</strong></span> <span class='ocrx_word' id='word_1_76' title='bbox 1468 2406 1585 2466; x_wconf 88' lang='lat' dir='ltr'><strong>nom.</strong></span> <span class='ocrx_word' id='word_1_77' title='bbox 1614 2382 1838 2469; x_wconf 71' lang='lat' dir='ltr'><strong>Netnetat</strong></span> 
     </span>
     <span class='ocr_line' id='line_1_13' title="bbox 506 2530 1127 2623; baseline -0.013 0"><span class='ocrx_word' id='word_1_78' title='bbox 506 2530 745 2623; x_wconf 83' lang='lat' dir='ltr'><strong>Calmuccis</strong></span> <span class='ocrx_word' id='word_1_79' title='bbox 773 2533 918 2618; x_wconf 77' lang='lat' dir='ltr'><strong>Insunt</strong></span> <span class='ocrx_word' id='word_1_80' title='bbox 931 2582 946 2597; x_wconf 94' lang='lat'><strong>·</strong></span> <span class='ocrx_word' id='word_1_81' title='bbox 960 2534 1127 2619; x_wconf 71' lang='lat' dir='ltr'><strong>mebeld.</strong></span> 
     </span>
    </p>

    <p class='ocr_par' dir='ltr' id='par_1_3' title="bbox 388 2682 2091 4485">
     <span class='ocr_line' id='line_1_14' title="bbox 531 2682 2091 2802; baseline 0.005 -31"><span class='ocrx_word' id='word_1_82' title='bbox 531 2692 583 2771; x_wconf 93' lang='lat' dir='ltr'><strong>In</strong></span> <span class='ocrx_word' id='word_1_83' title='bbox 623 2682 799 2771; x_wconf 85' lang='lat' dir='ltr'><strong>Rossiae</strong></span> <span class='ocrx_word' id='word_1_84' title='bbox 840 2714 973 2801; x_wconf 87' lang='lat' dir='ltr'><strong>aeque</strong></span> <span class='ocrx_word' id='word_1_85' title='bbox 1014 2714 1063 2770; x_wconf 89' lang='lat' dir='ltr'><strong>ac</strong></span> <span class='ocrx_word' id='word_1_86' title='bbox 1109 2682 1292 2770; x_wconf 88' lang='lat' dir='ltr'><strong>Sibiriae</strong></span> <span class='ocrx_word' id='word_1_87' title='bbox 1319 2685 1586 2802; x_wconf 78' lang='lat' dir='ltr'><strong>temperatis,</strong></span> <span class='ocrx_word' id='word_1_88' title='bbox 1627 2685 1735 2772; x_wconf 89' lang='lat' dir='ltr'><strong>locis</strong></span> <span class='ocrx_word' id='word_1_89' title='bbox 1763 2684 1997 2795; x_wconf 79' lang='lat' dir='ltr'><strong>suffocatis,</strong></span> <span class='ocrx_word' id='word_1_90' title='bbox 2039 2690 2091 2779; x_wconf 90' lang='lat' dir='ltr'><strong>in</strong></span> 
     </span>
     <span class='ocr_line' id='line_1_15' title="bbox 392 2826 2090 2958; baseline -0.002 -29"><span class='ocrx_word' id='word_1_91' title='bbox 392 2838 578 2930; x_wconf 80' lang='lat' dir='ltr'><strong>cellariis</strong></span> <span class='ocrx_word' id='word_1_92' title='bbox 604 2858 650 2923; x_wconf 84' lang='lat' dir='ltr'><strong>et</strong></span> <span class='ocrx_word' id='word_1_93' title='bbox 676 2835 789 2923; x_wconf 86' lang='lat' dir='ltr'><strong>circs</strong></span> <span class='ocrx_word' id='word_1_94' title='bbox 818 2838 967 2924; x_wconf 88' lang='lat' dir='ltr'><strong>domus</strong></span> <span class='ocrx_word' id='word_1_95' title='bbox 994 2859 1042 2921; x_wconf 89' lang='lat' dir='ltr'><strong>et</strong></span> <span class='ocrx_word' id='word_1_96' title='bbox 1070 2826 1199 2955; x_wconf 85' lang='lat' dir='ltr'><strong>pagos</strong></span> <span class='ocrx_word' id='word_1_97' title='bbox 1228 2835 1330 2922; x_wconf 86' lang='lat' dir='ltr'><strong>satis</strong></span> <span class='ocrx_word' id='word_1_98' title='bbox 1360 2840 1577 2954; x_wconf 82' lang='lat' dir='ltr'><strong>frequens,</strong></span> <span class='ocrx_word' id='word_1_99' title='bbox 1614 2839 1747 2955; x_wconf 84' lang='lat' dir='ltr'><strong>pugni</strong></span> <span class='ocrx_word' id='word_1_100' title='bbox 1775 2868 1900 2956; x_wconf 85' lang='lat' dir='ltr'><strong>saepe</strong></span> <span class='ocrx_word' id='word_1_101' title='bbox 1928 2843 2090 2958; x_wconf 81' lang='lat' dir='ltr'><strong>magni·</strong></span> 
     </span>
     <span class='ocr_line' id='line_1_16' title="bbox 392 2988 2087 3103; baseline 0.002 -21"><span class='ocrx_word' id='word_1_102' title='bbox 392 2993 567 3097; x_wconf 86' lang='lat' dir='ltr'><strong>tudine,</strong></span> <span class='ocrx_word' id='word_1_103' title='bbox 605 2988 682 3075; x_wconf 77' lang='lat' dir='ltr'><strong>vix</strong></span> <span class='ocrx_word' id='word_1_104' title='bbox 710 2989 821 3074; x_wconf 85' lang='lat' dir='ltr'><strong>saltu</strong></span> <span class='ocrx_word' id='word_1_105' title='bbox 849 2990 1015 3094; x_wconf 87' lang='lat' dir='ltr'><strong>valens,</strong></span> <span class='ocrx_word' id='word_1_106' title='bbox 1060 2990 1197 3092; x_wconf 83' lang='lat' dir='ltr'><strong>lenta,</strong></span> <span class='ocrx_word' id='word_1_107' title='bbox 1234 2989 1444 3103; x_wconf 87' lang='lat' dir='ltr'><strong>squaldia,</strong></span> <span class='ocrx_word' id='word_1_108' title='bbox 1487 2988 1685 3094; x_wconf 88' lang='lat' dir='ltr'><strong>horrida,</strong></span> <span class='ocrx_word' id='word_1_109' title='bbox 1728 2991 1922 3079; x_wconf 90' lang='lat' dir='ltr'><strong>omnibus</strong></span> <span class='ocrx_word' id='word_1_110' title='bbox 1951 2994 2087 3086; x_wconf 83' lang='lat' dir='ltr'><strong>etiam</strong></span> 
     </span>
     <span class='ocr_line' id='line_1_17' title="bbox 394 3138 2088 3261; baseline 0 -25"><span class='ocrx_word' id='word_1_111' title='bbox 394 3144 645 3236; x_wconf 69' lang='lat' dir='ltr'><strong>animalibus</strong></span> <span class='ocrx_word' id='word_1_112' title='bbox 669 3141 828 3248; x_wconf 86' lang='lat' dir='ltr'><strong>invisa,</strong></span> <span class='ocrx_word' id='word_1_113' title='bbox 870 3163 1043 3257; x_wconf 87' lang='lat' dir='ltr'><strong>propter</strong></span> <span class='ocrx_word' id='word_1_114' title='bbox 1069 3138 1217 3227; x_wconf 89' lang='lat' dir='ltr'><strong>urinae</strong></span> <span class='ocrx_word' id='word_1_115' title='bbox 1247 3163 1291 3225; x_wconf 89' lang='lat' dir='ltr'><strong>et</strong></span> <span class='ocrx_word' id='word_1_116' title='bbox 1320 3140 1433 3226; x_wconf 85' lang='lat' dir='ltr'><strong>muci</strong></span> <span class='ocrx_word' id='word_1_117' title='bbox 1459 3143 1739 3244; x_wconf 84' lang='lat' dir='ltr'><strong>lactescentis,</strong></span> <span class='ocrx_word' id='word_1_118' title='bbox 1765 3143 1878 3261; x_wconf 86' lang='lat' dir='ltr'><strong>quie</strong></span> <span class='ocrx_word' id='word_1_119' title='bbox 1901 3147 2088 3236; x_wconf 72' lang='lat' dir='ltr'><strong>venusio</strong></span> 
     </span>
     <span class='ocr_line' id='line_1_18' title="bbox 392 3278 2088 3410; baseline 0 -23"><span class='ocrx_word' id='word_1_120' title='bbox 392 3298 585 3396; x_wconf 80' lang='lat' dir='ltr'><strong>exsudat,</strong></span> <span class='ocrx_word' id='word_1_121' title='bbox 612 3297 800 3381; x_wconf 87' lang='lat' dir='ltr'><strong>odorem.</strong></span> <span class='ocrx_word' id='word_1_122' title='bbox 828 3300 938 3379; x_wconf 87' lang='lat' dir='ltr'><strong>Tota</strong></span> <span class='ocrx_word' id='word_1_123' title='bbox 953 3290 1136 3380; x_wconf 87' lang='lat' dir='ltr'><strong>verrucis</strong></span> <span class='ocrx_word' id='word_1_124' title='bbox 1151 3292 1409 3410; x_wconf 78' lang='lat' dir='ltr'><strong>maculisque</strong></span> <span class='ocrx_word' id='word_1_125' title='bbox 1424 3291 1609 3380; x_wconf 74' lang='lat' dir='ltr'><strong>obscuris</strong></span> <span class='ocrx_word' id='word_1_126' title='bbox 1623 3298 1804 3403; x_wconf 89' lang='lat' dir='ltr'><strong>obtecta,</strong></span> <span class='ocrx_word' id='word_1_127' title='bbox 1833 3278 1984 3406; x_wconf 85' lang='lat' dir='ltr'><strong>terrae,</strong></span> <span class='ocrx_word' id='word_1_128' title='bbox 2012 3300 2088 3391; x_wconf 87' lang='lat' dir='ltr'><strong>cui</strong></span> 
     </span>
     <span class='ocr_line' id='line_1_19' title="bbox 400 3444 2086 3548; baseline 0 -9"><span class='ocrx_word' id='word_1_129' title='bbox 400 3450 569 3540; x_wconf 87' lang='lat' dir='ltr'><strong>addicta</strong></span> <span class='ocrx_word' id='word_1_130' title='bbox 595 3469 683 3548; x_wconf 87' lang='lat' dir='ltr'><strong>est,</strong></span> <span class='ocrx_word' id='word_1_131' title='bbox 722 3444 901 3547; x_wconf 88' lang='lat' dir='ltr'><strong>similis;</strong></span> <span class='ocrx_word' id='word_1_132' title='bbox 944 3446 1120 3532; x_wconf 62' lang='lat' dir='ltr'><strong>tristibus</strong></span> <span class='ocrx_word' id='word_1_133' title='bbox 1147 3444 1248 3530; x_wconf 89' lang='lat' dir='ltr'><strong>solis</strong></span> <span class='ocrx_word' id='word_1_134' title='bbox 1277 3446 1430 3532; x_wconf 87' lang='lat' dir='ltr'><strong>auratis</strong></span> <span class='ocrx_word' id='word_1_135' title='bbox 1457 3447 1581 3535; x_wconf 87' lang='lat' dir='ltr'><strong>nitet.</strong></span> <span class='ocrx_word' id='word_1_136' title='bbox 1639 3454 1739 3533; x_wconf 91' lang='lat' dir='ltr'><strong>Non</strong></span> <span class='ocrx_word' id='word_1_137' title='bbox 1767 3450 1887 3535; x_wconf 86' lang='lat' dir='ltr'><strong>deest</strong></span> <span class='ocrx_word' id='word_1_138' title='bbox 1912 3448 1960 3537; x_wconf 91' lang='lat' dir='ltr'><strong>in</strong></span> <span class='ocrx_word' id='word_1_139' title='bbox 1986 3457 2086 3539; x_wconf 90' lang='lat' dir='ltr'><strong>Per·</strong></span> 
     </span>
     <span class='ocr_line' id='line_1_20' title="bbox 392 3595 2086 3717; baseline 0.002 -27"><span class='ocrx_word' id='word_1_140' title='bbox 392 3603 473 3707; x_wconf 78' lang='lat' dir='ltr'><strong>sia,</strong></span> <span class='ocrx_word' id='word_1_141' title='bbox 504 3599 705 3715; x_wconf 80' lang='lat' dir='ltr'><strong>Georgia,</strong></span> <span class='ocrx_word' id='word_1_142' title='bbox 736 3600 945 3705; x_wconf 85' lang='lat' dir='ltr'><strong>Caucaso,</strong></span> <span class='ocrx_word' id='word_1_143' title='bbox 977 3600 1083 3684; x_wconf 82' lang='lat' dir='ltr'><strong>forte</strong></span> <span class='ocrx_word' id='word_1_144' title='bbox 1110 3627 1189 3685; x_wconf 88' lang='lat' dir='ltr'><strong>nec</strong></span> <span class='ocrx_word' id='word_1_145' title='bbox 1216 3595 1262 3684; x_wconf 90' lang='lat' dir='ltr'><strong>in</strong></span> <span class='ocrx_word' id='word_1_146' title='bbox 1289 3597 1453 3717; x_wconf 86' lang='lat' dir='ltr'><strong>reliqua</strong></span> <span class='ocrx_word' id='word_1_147' title='bbox 1478 3599 1582 3685; x_wconf 80' lang='lat' dir='ltr'><strong>Asia</strong></span> <span class='ocrx_word' id='word_1_148' title='bbox 1608 3599 1826 3687; x_wconf 85' lang='lat' dir='ltr'><strong>calidiore.</strong></span> <span class='ocrx_word' id='word_1_149' title='bbox 1884 3604 2086 3695; x_wconf 66' lang='lat' dir='ltr'><strong>Gabene</strong></span> 
     </span>
     <span class='ocr_line' id='line_1_21' title="bbox 391 3753 2084 3874; baseline 0.002 -32"><span class='ocrx_word' id='word_1_150' title='bbox 391 3754 438 3842; x_wconf 89' lang='lat' dir='ltr'><strong>in</strong></span> <span class='ocrx_word' id='word_1_151' title='bbox 466 3756 592 3843; x_wconf 75' lang='lat' dir='ltr'><strong>Flora</strong></span> <span class='ocrx_word' id='word_1_152' title='bbox 619 3762 808 3838; x_wconf 68' lang='lat' dir='ltr'><strong>tanaanst</strong></span> <span class='ocrx_word' id='word_1_153' title='bbox 835 3755 957 3838; x_wconf 78' lang='lat' dir='ltr'><strong>Mssa</strong></span> <span class='ocrx_word' id='word_1_154' title='bbox 984 3754 1202 3852; x_wconf 83' lang='lat' dir='ltr'><strong>observat,</strong></span> <span class='ocrx_word' id='word_1_155' title='bbox 1256 3754 1372 3870; x_wconf 88' lang='lat' dir='ltr'><strong>quod</strong></span> <span class='ocrx_word' id='word_1_156' title='bbox 1401 3756 1456 3839; x_wconf 86' lang='lat' dir='ltr'><strong>ab</strong></span> <span class='ocrx_word' id='word_1_157' title='bbox 1488 3755 1591 3839; x_wconf 86' lang='lat' dir='ltr'><strong>urbe</strong></span> <span class='ocrx_word' id='word_1_158' title='bbox 1620 3753 1848 3869; x_wconf 79' lang='lat' dir='ltr'><strong>Bjelgorod</strong></span> <span class='ocrx_word' id='word_1_159' title='bbox 1875 3787 2005 3874; x_wconf 79' lang='lat' dir='ltr'><strong>usque</strong></span> <span class='ocrx_word' id='word_1_160' title='bbox 2034 3757 2084 3846; x_wconf 85' lang='lat' dir='ltr'><strong>in</strong></span> 
     </span>
     <span class='ocr_line' id='line_1_22' title="bbox 391 3902 2085 4027; baseline 0.004 -33"><span class='ocrx_word' id='word_1_161' title='bbox 391 3903 640 4011; x_wconf 88' lang='lat' dir='ltr'><strong>Ueraniam,</strong></span> <span class='ocrx_word' id='word_1_162' title='bbox 679 3903 920 4020; x_wconf 90' lang='lat' dir='ltr'><strong>ubicunque</strong></span> <span class='ocrx_word' id='word_1_163' title='bbox 949 3905 1102 3992; x_wconf 86' lang='lat' dir='ltr'><strong>Cotula</strong></span> <span class='ocrx_word' id='word_1_164' title='bbox 1131 3902 1314 4011; x_wconf 80' lang='lat' dir='ltr'><strong>foetida,</strong></span> <span class='ocrx_word' id='word_1_165' title='bbox 1372 3906 1578 4004; x_wconf 84' lang='lat' dir='ltr'><strong>abundat,</strong></span> <span class='ocrx_word' id='word_1_166' title='bbox 1632 3904 1765 3993; x_wconf 88' lang='lat' dir='ltr'><strong>etiam</strong></span> <span class='ocrx_word' id='word_1_167' title='bbox 1789 3908 1956 4027; x_wconf 78' lang='lat' dir='ltr'><strong>copiosi</strong></span> <span class='ocrx_word' id='word_1_168' title='bbox 1984 3936 2085 4002; x_wconf 87' lang='lat' dir='ltr'><strong>sunt</strong></span> 
     </span>
     <span class='ocr_line' id='line_1_23' title="bbox 389 4055 2082 4179; baseline 0.004 -33"><span class='ocrx_word' id='word_1_169' title='bbox 389 4060 591 4162; x_wconf 85' lang='lat' dir='ltr'><strong>Bufones,</strong></span> <span class='ocrx_word' id='word_1_170' title='bbox 635 4086 762 4175; x_wconf 84' lang='lat' dir='ltr'><strong>saepe</strong></span> <span class='ocrx_word' id='word_1_171' title='bbox 805 4055 1016 4172; x_wconf 85' lang='lat' dir='ltr'><strong>ingentes,</strong></span> <span class='ocrx_word' id='word_1_172' title='bbox 1074 4056 1308 4144; x_wconf 82' lang='lat' dir='ltr'><strong>incolarum</strong></span> <span class='ocrx_word' id='word_1_173' title='bbox 1349 4058 1518 4144; x_wconf 87' lang='lat' dir='ltr'><strong>molesti</strong></span> <span class='ocrx_word' id='word_1_174' title='bbox 1561 4055 1765 4175; x_wconf 85' lang='lat' dir='ltr'><strong>hospites.</strong></span> <span class='ocrx_word' id='word_1_175' title='bbox 1836 4067 1886 4147; x_wconf 91' lang='lat' dir='ltr'><strong>In</strong></span> <span class='ocrx_word' id='word_1_176' title='bbox 1914 4061 2082 4179; x_wconf 81' lang='lat' dir='ltr'><strong>frigidis</strong></span> 
     </span>
     <span class='ocr_line' id='line_1_24' title="bbox 392 4208 2083 4319; baseline 0.003 -19"><span class='ocrx_word' id='word_1_177' title='bbox 392 4241 480 4300; x_wconf 91' lang='lat' dir='ltr'><strong>non</strong></span> <span class='ocrx_word' id='word_1_178' title='bbox 508 4209 631 4298; x_wconf 79' lang='lat' dir='ltr'><strong>vivit.</strong></span> <span class='ocrx_word' id='word_1_179' title='bbox 702 4211 844 4297; x_wconf 83' lang='lat' dir='ltr'><strong>Habui</strong></span> <span class='ocrx_word' id='word_1_180' title='bbox 883 4212 1041 4297; x_wconf 86' lang='lat' dir='ltr'><strong>Canem</strong></span> <span class='ocrx_word' id='word_1_181' title='bbox 1081 4209 1324 4296; x_wconf 82' lang='lat' dir='ltr'><strong>fricatorem</strong></span> <span class='ocrx_word' id='word_1_182' title='bbox 1352 4208 1578 4296; x_wconf 71' lang='lat' dir='ltr'><strong>husonibus</strong></span> <span class='ocrx_word' id='word_1_183' title='bbox 1605 4210 1825 4319; x_wconf 83' lang='lat' dir='ltr'><strong>infestum,</strong></span> <span class='ocrx_word' id='word_1_184' title='bbox 1868 4214 1939 4301; x_wconf 90' lang='lat' dir='ltr'><strong>cui</strong></span> <span class='ocrx_word' id='word_1_185' title='bbox 1954 4212 2083 4305; x_wconf 67' lang='lat' dir='ltr'><strong>&#39;circa</strong></span> 
     </span>
     <span class='ocr_line' id='line_1_25' title="bbox 388 4360 2009 4485; baseline 0.001 -32"><span class='ocrx_word' id='word_1_186' title='bbox 388 4360 504 4454; x_wconf 85' lang='lat' dir='ltr'><strong>labia</strong></span> <span class='ocrx_word' id='word_1_187' title='bbox 530 4365 704 4454; x_wconf 87' lang='lat' dir='ltr'><strong>tandem</strong></span> <span class='ocrx_word' id='word_1_188' title='bbox 732 4383 841 4448; x_wconf 87' lang='lat' dir='ltr'><strong>tetra</strong></span> <span class='ocrx_word' id='word_1_189' title='bbox 867 4362 1168 4478; x_wconf 86' lang='lat' dir='ltr'><strong>condylomata</strong></span> <span class='ocrx_word' id='word_1_190' title='bbox 1196 4385 1496 4470; x_wconf 85' lang='lat' dir='ltr'><strong>excreverunt,</strong></span> <span class='ocrx_word' id='word_1_191' title='bbox 1526 4364 1639 4450; x_wconf 86' lang='lat' dir='ltr'><strong>unde</strong></span> <span class='ocrx_word' id='word_1_192' title='bbox 1665 4367 1838 4454; x_wconf 83' lang='lat' dir='ltr'><strong>tandem</strong></span> <span class='ocrx_word' id='word_1_193' title='bbox 1864 4365 2009 4485; x_wconf 85' lang='lat' dir='ltr'><strong>periit.</strong></span> 
     </span>
    </p>
   </div>
   <div class='ocr_carea' id='block_1_3' title="bbox 0 0 2206 5899">
    <p class='ocr_par' dir='ltr' id='par_1_4' title="bbox 0 0 2206 5899">
     <span class='ocr_line' id='line_1_26' title="bbox 0 0 2206 5899; baseline 0 0"><span class='ocrx_word' id='word_1_194' title='bbox 0 0 2206 5899; x_wconf 95' lang='lat' dir='ltr'><strong> </strong></span> 
     </span>
    </p>
   </div>
  </div>
 </body>
</html>
