4404 5902
360 376 457 490 396
1142 411 1293 467 ·-·=--··

372 636 377 643 ·
497 623 542 718 β.
572 611 771 716 Schokur,
801 611 973 698 Gmelin.
1002 607 1115 722 Syst.
1149 613 1226 695 Ill.
1256 642 1296 726 p.
1334 618 1449 722 1378.
1477 637 1539 725 sp.
1569 624 1640 715 4⁰·

469 764 613 852 Rossis
640 768 765 878 sege,
792 763 840 848 in
869 763 1024 848 Sibiria
1050 765 1230 850 Schdkur
1253 775 1296 863 β.

471 919 604 1003 Lettis
631 921 778 1018 Sihltu3
808 913 1005 1001 Esthenis
1033 919 1150 1031 Sugh
1181 918 1249 1001 vel
1275 918 1497 1003 Sieubulle.
1550 911 1756 1029 Jucagiris
1781 913 2009 1008 Jarkandt.

467 1071 652 1157 Ostiacis
679 1073 871 1157 Schdher.
930 1069 1163 1182 Semojedis
1192 1071 1432 1156 Hidrtschu.

499 1231 616 1309 Inter
641 1223 752 1311 hanc
781 1245 826 1307 et
862 1245 1084 1337 sequentes
1119 1224 1220 1307 duas
1261 1220 1450 1337 species,
1493 1250 1595 1336 quas
1635 1241 1779 1308 temen
1821 1222 2065 1335 piscatores

360 1379 471 1461 bene
509 1375 797 1491 distinguunt,
853 1406 1044 1490 quaeque
1096 1374 1310 1460 distinctis
1357 1374 1596 1482 agminibus
1644 1376 1820 1461 flumina
1859 1381 2062 1490 subeunt,

360 1550 474 1613 tanta
504 1551 567 1612 est
596 1529 799 1633 affinitas,
842 1550 889 1612 nt
916 1528 1057 1642 potius
1085 1527 1307 1611 varietates
1340 1556 1429 1612 esse
1457 1526 1695 1613 videantur.
1750 1533 1802 1613 In
1828 1529 1931 1645 ipso
1958 1564 2061 1650 quo·

358 1712 442 1796 que
468 1687 671 1768 Lavareto
697 1703 816 1766 tanta
844 1680 1065 1765 nominum
1092 1666 1136 1763 eit
1166 1677 1337 1764 habitus
1364 1676 1572 1782 canabe,
1603 1700 1652 1763 ut
1678 1680 1886 1768 ulteriore
1917 1688 2057 1773 obser·

359 1834 530 1919 vatione
562 1833 842 1948 speciminum
872 1833 917 1917 in
946 1830 1123 1916 diversis
1151 1832 1269 1945 aquis
1304 1832 1481 1918 diversis
1513 1829 1758 1917 nominibus
1784 1834 2059 1925 venientium

358 1986 532 2072 omnino
561 2017 664 2101 opus
694 1983 832 2071 adhuc
860 1987 927 2070 sit.
958 1988 1065 2067 Tres
1090 2013 1194 2097 ques
1222 1982 1295 2068 hic
1323 1982 1609 2100 propositurus
1635 2013 1729 2069 sum
1756 1983 1903 2096 pisces
1930 1993 2053 2078 sent»

357 2143 443 2233 bur,
473 2143 649 2223 Mulsnn
677 2159 722 2221 et
748 2140 987 2256 Pydschjan
1015 2166 1069 2219 ex
1091 2139 1188 2222 Obo
1222 2135 1354 2222 fluvio
1379 2166 1524 2222 omnes
1552 2138 1832 2253 depromptos
1857 2166 2054 2229 recentes

356 2290 618 2376 curatissime
646 2287 758 2374 inter
785 2319 831 2373 se
858 2311 902 2374 et
932 2286 1033 2374 dein
1059 2319 1157 2374 cum
1183 2294 1391 2375 Lunarete
1416 2287 1604 2376 balthico
1631 2291 1828 2398 contuli,
1862 2317 1910 2380 et
1937 2293 2048 2382 bunc

355 2474 454 2529 cum
480 2441 597 2557 pisce
624 2446 804 2528 Schdlsur
831 2443 1014 2527 Sibiriae
1042 2441 1230 2558 maxime
1255 2439 1486 2528 convenire
1511 2440 1790 2558 deprehendi.
1820 2453 1947 2535 Hanc
1974 2446 2047 2564 igi·

351 2617 424 2681 tur
449 2594 672 2680 Sibiricurn
701 2593 947 2680 varietatem
976 2596 1207 2711 praecipue
1232 2593 1552 2680 describendam
1579 2595 1793 2707 judicavi3
1820 2601 2048 2690 Lavernae

353 2747 472 2833 enim
496 2776 727 2862 europmeus
753 2745 800 2831 in
827 2744 1203 2862 Ichthyologorurn
1238 2746 1406 2862 scriptis
1440 2746 1539 2832 setis
1575 2753 1661 2861 jam
1696 2749 1940 2841 illustratae
1971 2779 2044 2862 est,

354 2906 508 3012 etjam
537 2903 778 2985 Kleinius
813 2902 951 3006 (miss.
980 2911 1080 3016 pise.
1112 2902 1162 2986 V.
1191 2901 1277 2985 tab.
1310 2914 1349 2985 6.
1380 2902 1465 3014 fig.
1502 2907 1565 3014 ι.)
1593 2907 1682 3013 ejus
1709 2904 1871 2992 bonam
1897 2939 2043 3025 prope·

352 3051 436 3137 suit
472 3048 657 3136 iconem.
723 3055 915 3137 Amiciss.
962 3055 1176 3166 quondam
1216 3055 1521 3140 Pennuntus
1559 3050 1646 3140 huc
1686 3057 1838 3144 retulit
1880 3063 2042 3149 Ferrum

348 3191 661 3289 Genevensium
690 3225 733 3288 et
762 3228 943 3317 quatuor
975 3205 1022 3289 in
1051 3204 1233 3290 diversis
1258 3207 1523 3292 Britanorum
1557 3207 1753 3294 dialectis
1788 3211 1949 3300 usitata
1974 3244 2041 3302 nu·

350 3355 488 3460 mina,
535 3379 578 3441 et
610 3362 802 3444 Amiciss.
842 3393 896 3471 p„
924 3393 977 3442 m.
1020 3360 1311 3445 Hermann
1348 3358 1396 3443 in
1426 3359 1581 3444 litteris
1617 3361 1723 3447 elim
1760 3365 2037 3454 Helvetermn

347 3509 548 3594 variantia
593 3510 797 3595 numina:
839 3510 1136 3623 Tigurinorum
1181 3515 1401 3624 Blnulr'ng,
1450 3510 1690 3599 Thunensis
1730 3515 1853 3602 lacus
1892 3524 2036 3621 Albos,

344 3692 469 3775 porro
496 3662 666 3746 nomina
694 3665 962 3771 Surseefisch‚
999 3665 1229 3770 Weisfisch‚
1260 3667 1492 3774 Adelfr'sch,
1524 3666 1685 3769 Albezn,
1716 3667 1903 3758 Bilensis
1931 3675 2037 3759 lacus

343 3792 493 3918 natet,
538 3837 581 3897 et
609 3814 848 3899 Thnnensis
885 3817 999 3900 lucus
1027 3821 1207 3902 Velchan
1244 3821 1296 3901 ad
1326 3825 1576 3904 Lavaretmn
1610 3817 1827 3933 pertinere
1867 3828 2009 3914 docuit
2020 3864 2033 3928 3

342 3997 479 4082 neque
508 3967 658 4051 Viadri
688 3969 924 4053 accolorunr
957 3973 1155 4084 Scbnepet
1179 3970 1274 4054 aliis
1304 3995 1366 4055 est
1398 3970 1550 4081 piscis3
1608 3968 1667 4055 ita
1702 3995 1751 4056 ut
1780 3979 1927 4065 nullus
1954 3984 2035 4067 sera

340 4120 469 4234 piscis
496 4149 730 4231 europaeus
759 4144 823 4206 tut
851 4121 1029 4235 gentilia
1058 4124 1229 4206 nomina
1260 4124 1342 4207 sibi
1376 4123 1579 4224 vindicet,
1606 4145 1651 4208 et
1671 4126 1783 4212 sorte
1803 4138 2035 4223 secundum

341 4304 481 4386 aquas,
510 4271 726 4385 inquibus
747 4271 868 4376 vivit,
899 4297 963 4358 tot
993 4274 1219 4358 varietates
1233 4274 1393 4361 induat.
1424 4276 1685 4362 varietatem
1705 4278 1871 4369 iterum
1887 4321 2035 4376 novnnr

340 4450 382 4509 ct
411 4424 595 4509 maxime
625 4423 833 4508 diversam
869 4429 1042 4512 Tilenus
1073 4450 1213 4512 noster
1242 4451 1285 4510 et
1315 4428 1515 4543 Jeponiae
1548 4430 1667 4544 aquis
1695 4436 1877 4545 retulit,
1917 4477 2035 4560 quarn

336 4581 380 4663 in
396 4577 592 4664 leonibus
606 4577 786 4693 piscium
802 4586 823 4662 J
827 4580 1099 4693 eponicurnrn
1116 4583 1167 4664 ad
1183 4579 1326 4663 vivum
1343 4581 1553 4693 depinxit.
1569 4588 1789 4701 Petrepoli
1809 4593 2036 4684 etiamsale

334 4728 497 4813 conditi
524 4727 708 4841 juniores
737 4753 781 4813 et
810 4731 994 4817 minores
1024 4764 1047 4815 e
1077 4738 1188 4816 Lacu
1217 4735 1387 4847 Ludoga
1417 4736 1560 4844 allati,
1595 4737 1720 4854 vulgo
1750 4745 1832 4828 sub
1863 4754 2033 4837 nomine

331 4882 504 4996 Ledogu
534 4881 639 4993 syba
674 4882 998 4999 distinguuntur.
1047 4888 1276 4972 Abundant
1306 4910 1446 4974 autem
1473 4892 1670 4979 Larareti
1699 4925 1792 4983 non
1821 4905 1962 4990 solum
1989 4904 2031 4989 in
