4404 5902
1023 278 1178 391 sa
1772 235 1775 239 ’
1859 256 1952 358 42⁵

211 492 217 501 '
255 482 527 571 continuatas
554 509 680 597 rugae
706 508 850 568 esseae
875 476 1179 595 longitudinali
1208 481 1510 587 ereberrime,
1553 510 1702 598 usque,
1720 481 1770 564 ad
1808 478 1946 562 sinum

259 634 550 722 branchialem
577 634 828 739 continuae,
856 636 969 719 unde
997 633 1265 720 continuatur
1293 646 1401 723 linea
1426 643 1612 723 lateralis
1640 659 1777 736 recta,
1822 634 1944 714 dorso

258 789 387 904 paulo
415 788 597 875 vicinior
625 787 827 902 usquein
857 789 1143 873 membranam
1172 789 1327 903 pinnae
1345 792 1515 874 caudae
1544 817 1781 872 excurrens.
1818 794 1855 869 A
1886 784 1943 865 la·

258 963 350 1027 tere
380 943 480 1025 albo
506 971 606 1054 ruga
633 941 750 1025 nulla
778 962 821 1023 et
846 940 1092 1054 operculum
1120 941 1427 1042 laetissimum
1468 972 1492 1025 n
1520 942 1651 1025 latere
1684 942 1796 1023 fusco
1825 970 1945 1052 squa-

254 1102 393 1179 mulae
421 1092 724 1208 spurcissimae,
755 1092 829 1177 vix
858 1090 1148 1208 prominulae,
1182 1093 1265 1178 nisi
1293 1092 1438 1178 setulis
1467 1093 1666 1205 marginis
1695 1090 1825 1176 ternis
1854 1090 1943 1205 qui·

255 1245 391 1348 nimo,
420 1247 577 1359 quales,
612 1247 686 1330 sed
713 1242 964 1358 insigniores
991 1274 1068 1359 per
1094 1266 1229 1329 toturn
1260 1276 1409 1361 corpus
1428 1238 1786 1361 quincuncialitar
1807 1242 1945 1358 dispo·

254 1396 366 1482 sitae
395 1418 438 1481 et
466 1397 704 1493 distinctae.
775 1399 907 1482 Pinna
933 1398 1045 1483 dorsi
1072 1429 1097 1480 a
1123 1396 1336 1513 superiore
1364 1397 1531 1484 orbitae
1560 1396 1746 1511 margine
1775 1395 1946 1510 incipit.

254 1549 346 1636 rad.
364 1563 430 1656 59.
459 1559 528 1635 uru'
557 1552 732 1637 rad.'36.
760 1549 976 1665 utriusque
1004 1548 1114 1634 radii
1136 1549 1269 1635 medii
1287 1550 1575 1636 adsidentibus
1597 1550 1759 1664 aliquot
1777 1548 1944 1665 punctis

251 1702 695 1817 aspero-prominulis
739 1701 933 1820 asperati.
989 1704 1034 1786 P.
1065 1711 1290 1817 pectorales
1328 1706 1416 1789 rad.
1445 1740 1485 1814 7.
1525 1710 1696 1789 uentrol.
1727 1717 1766 1788 6.
1807 1701 1945 1785 cauda

252 1854 493 1939 obrotunda
521 1858 609 1941 rad.
645 1875 705 1962 ¹4·
745 1853 914 1959 bifidis,
956 1874 1125 1971 praeter
1154 1852 1403 1969 a·utrinque
1439 1854 1622 1940 extimos
1658 1853 1944 1968 imperfectos.

223 1996 384 2093 'tatas
415 2009 612 2094 dextrum
638 2013 755 2096 fusco
771 2059 786 2075 ·
800 2009 1010 2093 lutescens
1022 2065 1036 2104 ,
1064 2004 1277 2090 sinistrum
1307 2006 1471 2121 pallido
1487 2058 1503 2072 ·
1519 2008 1675 2092 album.
1713 2003 1944 2117 Longimdo

246 2179 347 2249 tota
376 2166 437 2246 δ”.
465 2161 529 2270 7'‘.
553 2160 709 2276 capitis
740 2163 810 2247 a'‘'.
840 2162 998 2247 caudae
1033 2162 1088 2245 1⁰.
1118 2161 1187 2247 om.
1209 2161 1394 2247 latitudo
1421 2191 1582 2246 summa
1609 2155 1703 2244 sine
1728 2153 1871 2276 pinnis
1884 2163 1944 2240 n“.

251 2313 357 2399 nom.
386 2342 484 2399 cum
511 2313 654 2430 pinnis
682 2323 739 2420 ιβ.

554 2549 674 2660 293⁴
728 2488 1635 2664 urnuaouncrns‘asper.

395 2773 441 2852 Ρ.
467 2768 608 2853 oculis
636 2766 807 2873 dextris,
843 2770 983 2886 capite
1010 2770 1222 2886 radiisque
1252 2771 1478 2888 pinnarum
1504 2798 1754 2887 squamoso·
1769 2763 1945 2883 asperia.

245 2916 385 3017 lineis
412 2920 653 3006 lateralibus
677 2921 829 3007 antice·
849 2923 1052 3027 arcuatis,
1082 2925 1312 3037 squamulis
1341 2921 1596 3040 unispinosis
1622 2919 1793 3037 asperis.
1884 2931 1888 2936 ’
1967 2906 1972 2913 ’

398 3072 509 3162 Cum
534 3056 809 3188 praecedenti
834 3075 993 3189 specie,
1007 3091 1076 3160 cx
1096 3076 1271 3162 Oceano
1290 3075 1489 3162 orientali
1505 3073 1655 3159 retulit
1669 3074 1767 3157 DD.
1788 3072 1838 3154 M
1843 3070 1940 3156 ετξ.

252 3225 396 3311 Valde
424 3223 558 3309 affinis
585 3227 632 3309 P.
662 3227 886 3311 limandus
915 3248 1100 3310 attamen
1128 3224 1306 3311 diversa.
1349 3224 1546 3311 Flumina
1572 3253 1788 3339 nunquam
1806 3219 1946 3327 subit,

251 3379 332 3467 sed
359 3378 406 3463 in
434 3374 554 3465 vadis
577 3375 767 3463 'arenosis
793 3375 932 3463 sinum
959 3377 1086 3463 maris
1113 3377 1453 3494 tranquilliorem
1479 3399 1679 3464 versatur.

394 3534 587 3615 Descr.
644 3535 795 3615 Forma
822 3531 911 3615 fere
937 3530 1073 3636 Hesi,
1102 3530 1486 3647 novempollicaris.
1541 3533 1682 3647 capse
1708 3532 1850 3635 breve,
1870 3550 1950 3619 ·tu·.

251 3704 347 3773 tum
376 3712 655 3798 squamosum,
675 3681 869 3798 squamis
894 3683 1046 3799 sparsis
1075 3683 1331 3801 unispinosis
1358 3712 1570 3800 asperum,
1602 3706 1648 3769 ut
1674 3705 1720 3769 et
1743 3683 1945 3800 opercula

252 3836 407 3923 obtuse
435 3835 644 3951 angulata.
701 3840 893 3923 Rostmm
920 3837 1134 3941 retusum,
1177 3837 1352 3925 maxilla
1379 3835 1578 3922 inferiore
1607 3836 1827 3952 longiore,
1872 3836 1944 3919 ad·

253 3991 515 4086 condamm
549 4009 724 4104 utraque
747 3989 941 4079 dentibus
967 3989 1288 4089 obtusiusculia,
1314 3978 1592 4096 distantibus,¹
1621 3986 1809 4105 simplici
1834 3982 1948 4071 serie

253 4138 498 4259 pectinata3
550 4143 720 4229 Pulsi-lli
756 4164 933 4256 quatuor
973 4142 1153 4257 asperati
1191 4142 1237 4228 in
1267 4143 1400 4227 fauce.
1459 4143 1584 4231 Oculi
1610 4145 1665 4230 ad
1693 4143 1831 4259 ipsum
1859 4136 1948 4224 uris

253 4291 516 4406 marginem,
557 4295 662 4381 inde
688 4325 825 4398 aurea,
880 4298 1043 4410 Corpus
1069 4318 1226 4395 tenue,
1266 4296 1630 4411 subpellucidum,
1657 4297 1945 4406 oblongarum,

250 4452 441 4561 aquam
467 4446 701 4567 rotundatis
719 4450 928 4533 tenuibus
955 4447 1252 4548 imbricatum,
1281 4479 1388 4561 quae
1415 4448 1461 4533 in
1487 4450 1619 4535 latere
1646 4451 1762 4535 lusco
1788 4441 1945 4565 passim

252 4593 381 4714 apice
414 4597 693 4685 terminantur
730 4607 851 4710 sputa
890 4596 1093 4704 minima,
1131 4625 1357 4689 retrorsum
1396 4622 1584 4707 arrecta,
1625 4601 1784 4717 rigida,
1826 4597 1940 4681 unde

252 4748 366 4843 lutus
393 4747 478 4839 hoc
506 4753 561 4849 ad
589 4773 749 4839 tactum
777 4751 1077 4870 asperrimum
1107 4756 1214 4841 latus
1243 4756 1547 4881 album-laeve.
1604 4758 1730 4843 Linea
1756 4761 1947 4841 lateralis

1444 4924 1498 5015 54
