4404 5902
257 409 356 519 &7⁶⁴
1035 430 1184 492 ΞΕ

259 663 448 725 extensa.
510 632 695 728 Ur'eteres
737 635 955 755 duplices,
997 666 1073 752 per
1108 658 1242 722 totam
1270 631 1761 748 longitudinemrenum
1788 644 1964 734 extensi

257 813 302 876 et
331 797 406 878 sub
435 792 575 878 vesica
605 791 771 878 anemis
797 800 955 876 vesicae
978 798 1182 875 arinartae
1199 786 1361 891 inserti,
1385 817 1492 901 quae
1507 787 1798 906 tripallicaris,
1829 798 1964 905 collo,

256 947 333 1029 sub
368 976 447 1030 ano
476 946 732 1058 majusculo,
761 946 871 1030 foras
900 942 1061 1059 papilla
1087 939 1315 1058 prominet.
1345 941 1630 1028 Perttomam
1655 944 1818 1031 album.
1842 950 1965 1035 Ova·

258 1105 323 1183 n'a
352 1097 452 1182 bina
480 1127 556 1213 per
583 1119 719 1181 totum
755 1097 965 1181 abdomen
994 1117 1193 1195 extensa;
1237 1124 1332 1181 ooo
1359 1092 1616 1205 majuscula,
1658 1097 1787 1182 mole·
1805 1101 1964 1190 viciae.

257 1251 419 1334 Ductus
446 1253 627 1361 lactiflui
655 1248 700 1333 in
730 1278 871 1355 mare,
904 1245 1121 1349 distincti,
1148 1245 1353 1331 intestino
1378 1266 1495 1332 recto
1523 1243 1629 1331 citra
1662 1246 1972 1363 sphiucterem

256 1398 510 1487 inseruntur.
569 1404 678 1486 Caro
708 1429 851 1486 recena
881 1399 1079 1501 rubeola‚
1111 1421 1232 1485 cocta
1260 1397 1368 1482 alba.
1411 1398 1569 1485 Puncta
1597 1398 1740 1486 lineae
1768 1402 1965 1492 lateralia

165 1586 177 1609 ⁸
258 1575 357 1638 erint
383 1556 485 1639 fines
512 1583 735 1639 nervorum
762 1548 1122 1665 interspinalium,
1165 1579 1270 1663 quos
1304 1547 1352 1632 in
1385 1546 1469 1634 hoc
1503 1548 1621 1666 pisce
1642 1582 1788 1668 usque
1817 1559 1877 1643 ad
1903 1557 1967 1645 in.

258 1703 487 1792 sartionem
516 1707 562 1793 iu
589 1728 732 1790 cutem
760 1702 995 1788 luculenter
1021 1706 1243 1790 observare
1268 1700 1409 1817 potuit
1433 1704 1706 1803 Stellarus.

260 1971 701 2067 asassauuo
749 1977 1006 2068 Proteus.
1054 1972 1187 2063 naa
1225 1968 1499 2093 mmmm,
1520 1964 1606 2088 fig.
1647 1998 1694 2065 2.
1732 1974 1963 2075 Lxxcr.

326 2124 333 2139 α
401 2164 443 2246 8.
473 2189 649 2277 corpore
678 2182 895 2274 argentata
925 2159 1210 2261 immaculato,
1241 2177 1375 2242 rostro
1401 2124 1567 2245 conica·
1583 2161 1807 2264 mutabili,
1837 2167 1967 2283 pium

260 2310 331 2399 ani
358 2315 481 2399 rubra
517 2309 776 2416 14radiata,
805 2315 938 2396 cauda
971 2311 1133 2397 bifurca
1163 2309 1387 2395 maculosa.

480 2465 624 2549 Sulmo
665 2465 789 2549 dorso
830 2464 1032 2578 gibboso,
1089 2464 1244 2550 Steller.
1280 2461 1368 2549 obs.
1395 2465 1537 2549 MSw.
1591 2466 1638 2553 V
1631 2496 1852 2559 ancouw
1876 2485 1965 2565 isia

542 2620 710 2730 (germ.)
738 2620 794 2701 ΙΙ.
824 2649 865 2733 p.
894 2633 961 2722 54.

367 2767 512 2860 Rossis
540 2773 593 2854 ad
623 2769 842 2854 Oceanum
870 2767 1122 2854 orientalem
1151 2768 1391 2855 Gorbuschu
1417 2769 1669 2887 (gibbems).

370 2919 559 3004 Lamutis
588 2921 743 3006 Otart.
800 2918 997 3008 Coraecis
1023 2923 1164 3007 Kdlal.

370 3069 706 3158 Camtschadalis
735 3072 1010 3159 orientalibus
1029 3074 1269 3186 Keiluglsin3
1298 3072 1635 3191 occidentalibus
1655 3081 1965 3177 Koaummfi.

370 3218 528 3311 Curilis
554 3227 738 3338 sutipa.
1248 3209 1254 3219 ¹

399 3380 436 3462 E
478 3377 582 3462 mari
611 3374 846 3464 Ochotensi
889 3400 932 3462 et
958 3380 1131 3464 Oceano
1174 3375 1372 3462 orientali
1415 3378 1461 3463 in
1501 3378 1651 3465 fluvios
1689 3385 1886 3479 Sibiriae
1926 3418 1969 3481 et

265 3526 587 3615 Camtschatcae
623 3529 843 3614 adscendit
877 3534 1030 3614 eodem
1066 3532 1151 3613 fere
1184 3551 1375 3643 tempore
1411 3558 1496 3642 quo
1515 3520 1565 3615 S.
1596 3536 1792 3626 Callaris
1820 3568 1867 3629 et
1894 3552 1969 3632 la·

258 3656 534 3797 accepholus,
578 3678 822 3796 praesertim
858 3681 971 3766 circa
1008 3682 1194 3766 medium
1227 3679 1343 3767 lolii.
1399 3686 1499 3765 Non
1540 3707 1681 3770 autern
1720 3722 1882 3784 omnes
1909 3700 1968 3785 in.

263 3832 586 3917 discriminatim
628 3832 745 3928 adit,·
800 3832 861 3918 sic
894 3833 1011 3918 enim
1049 3836 1313 3918 observatum
1342 3857 1407 3919 est
1433 3866 1532 3919 eum
1557 3836 1658 3922 llus.
1708 3845 1900 3937 Olmom
1925 3878 1966 3941 et

264 3982 491 4069 Awatscha
539 3985 827 4098 frequentare,
883 3985 1184 4072 intermedium
1222 3986 1515 4073 Camtschatca
1559 3992 1767 4081 aversari.
1830 4012 1965 4095 Tuan

267 4161 406 4222 autem
436 4142 559 4249 copia
579 4137 819 4221 succedunt
848 4137 1003 4242 fluviis,
1033 4161 1078 4220 ut
1106 4141 1334 4253 tranquillo
1360 4164 1553 4258 tempore
1580 4146 1740 4235 fluctus
1770 4162 1895 4270 quasi
1921 4160 1966 4245 in

262 4286 315 4372 iis
344 4286 533 4372 excitent
561 4309 605 4371 et
632 4288 824 4373 manibus
852 4289 948 4403 capi
976 4293 1149 4403 possint.
1207 4295 1564 4406 Quandoquidem
1598 4323 1749 4388 autem
1790 4340 1878 4395 non
1905 4342 1966 4399 so·

262 4439 349 4524 lum
380 4442 512 4524 forma
542 4472 565 4522 a
594 4439 785 4525 violento
815 4465 930 4525 motu
958 4465 1188 4528 monstrosa
1214 4443 1382 4549 evadit,
1426 4446 1614 4535 excitato
1651 4452 1826 4573 insigni
1856 4465 1965 4551 dorsi

262 4593 449 4706 gibbere,
480 4593 554 4674 sed
582 4592 782 4675 maxillae
811 4593 940 4676 etiam
970 4595 1189 4719 elongatae
1219 4598 1374 4719 sensim
1401 4599 1448 4684 in
1475 4631 1606 4687 uncos
1634 4614 1885 4702 contrarios
1907 4622 1964 4703 ita

262 4754 516 4844 curvantur,
559 4767 607 4828 ut
640 4774 687 4828 os
723 4742 864 4828 claudi
903 4767 946 4829 et
979 4749 1178 4859 pabulum
1208 4750 1360 4836 assumi
1387 4751 1548 4837 nullum
1578 4759 1748 4871 possit,
1793 4792 1964 4880 peracto

261 4890 543 5007 generationis
561 4894 743 5010 negotiis
764 4893 814 4980 hi
833 4895 970 5012 pisces
994 4931 1141 4989 omnes
1160 4901 1205 4988 iu
1226 4904 1365 4993 fluviis
1384 4928 1564 5023 pereunt
1581 4913 1787 5027 Augusto
1807 4951 1962 5023 menae,
