4404 5902
930 449 1080 507 ΕΞ
1825 434 1850 525 5

151 650 452 748 Monocardiis
479 649 780 759 Animalibus,
796 651 935 741 nullos
962 677 1201 741 constantes
1229 647 1333 742 haic
1362 653 1485 744 classi
1512 680 1659 776 protea
1686 664 1849 750 Natura

152 811 356 928 reliquit,
398 809 488 895 imo
516 810 624 894 adeo
651 811 877 894 formarum
908 808 1110 911 varietate
1137 806 1263 910 lusit,
1300 830 1349 894 ut
1374 806 1567 897 videatur
1593 813 1852 930 reliquarum

156 965 356 1051 classium
386 984 569 1078 apotypa
596 960 644 1047 in
672 991 766 1047 eam
792 960 1035 1048 consociare
1064 960 1260 1051 voluisse.
1334 959 1404 1050 Sic
1433 963 1550 1061 enim
1578 972 1781 1067 Lacertae
1809 993 1854 1057 et

159 1115 410 1202 Teaudines
438 1124 530 1231 (per
556 1122 749 1232 Dasypos
778 1137 824 1202 et
850 1121 1016 1226 Manes)
1046 1115 1421 1234 Quadrupedibus,
1455 1123 1699 1206 Draconem
1726 1120 1857 1212 costis·

155 1267 379 1383 elongatis,
405 1291 452 1354 et
485 1267 627 1354 Pisces
654 1267 792 1389 varios
815 1260 959 1387 pinnis
986 1267 1205 1385 productis
1230 1269 1460 1377 volaticos,
1496 1269 1681 1379 Avibus,
1713 1276 1855 1360 Renes

149 1451 233 1537 per
259 1419 654 1536 metamorphosin,
683 1419 972 1537 Phalangistes
986 1424 1045 1537 (*)
1062 1445 1106 1508 et
1127 1421 1397 1538 Syngnathos
1423 1452 1501 1540 per
1527 1423 1692 1531 loricas,
1723 1424 1853 1542 spira·

151 1571 270 1658 culis
284 1572 509 1659 instructos
537 1573 686 1689 pisces,
716 1553 873 1691 parea
899 1573 991 1692 ipsa
1017 1574 1238 1691 spiracula,
1269 1573 1460 1676 Ivuectis,
1488 1575 1684 1691 Gyrinos,
1713 1577 1854 1667 Trito·

151 1754 232 1809 nes
277 1749 322 1810 et
362 1724 554 1810 Sirenem
572 1754 665 1841 per
706 1748 902 1815 externas
939 1727 1192 1832 branchias,
1233 1728 1536 1844 Cyclopterum
1564 1759 1641 1845 per
1666 1732 1855 1818 cotulam

150 1879 415 1983 venustem,
473 1877 697 1995 Myxodis,
755 1875 1024 1984 assimilavit,
1078 1900 1127 1963 ut
1155 1879 1443 1985 aliajsaceam·
1487 1931 1545 1950 -
1584 1879 1680 1969 Sint
1706 1883 1851 1997 itaque

146 2031 542 2119 monocardiorum.

603 2268 1436 2326 ——nu--n—-a

805 2492 1096 2602 ORDO
1170 2498 1212 2603 l.

534 2799 1466 2958 PULMONATA·

760 3164 1274 3201 w

291 3393 472 3503 Propter
500 3382 749 3470 affinitatem
776 3417 984 3474 summam
1012 3391 1206 3471 Lacertas
1234 3379 1348 3470 inter
1376 3401 1420 3466 et
1449 3381 1695 3496 Serpentes,
1746 3402 1856 3501 quae

91 3544 94 3549 ’
135 3540 404 3664 praesertim
445 3538 492 3647 in
531 3545 705 3622 Lacerta
747 3540 883 3654 apoda
925 3562 969 3625 et
1010 3533 1230 3627 Chalcidis
1270 3537 1425 3649 fulget,
1467 3535 1621 3648 pedata
1648 3557 1692 3621 et
1721 3541 1859 3656 apoda

143 3696 284 3809 hujus
324 3689 485 3778 ordinis
526 3689 699 3776 omnino
740 3691 787 3775 in
826 3690 1032 3778 methodo
1073 3687 1272 3782 naturali¹
1298 3695 1552 3803 conjungere
1580 3718 1753 3776 necesse
1783 3680 1866 3798 est,

146 3848 236 3935 nisi
267 3843 452 3932 totidem
482 3843 651 3930 ordines
678 3843 766 3929 fere
798 3839 913 3960 quot
928 3874 1081 3960 genera
1111 3845 1310 3947 condere,
1341 3870 1496 3957 genera
1524 3871 1626 3929 vero
1655 3842 1861 3928 naturalia

149 3997 386 4086 artificiose
425 3996 705 4083 subdividens
746 3999 932 4114 placeat,
986 4019 1112 4113 prout
1151 3992 1401 4095 hodiernis,
1440 3990 1668 4083 minutiose
1709 3993 1859 4100 doctis,

148 4183 297 4238 mum
325 4173 404 4236 est.

205 4376 264 4479 (·)
295 4379 542 4471 Phalangistes
594 4379 673 4452 Cel.
706 4379 869 4450 Pallassii
911 4387 995 4450 sant
1024 4381 1142 4471 Agoni
1172 4377 1361 4448 Bloohiani
1398 4377 1457 4447 vel
1494 4379 1596 4448 cotti
1635 4372 1863 4466 cataphracti

286 4524 442 4591 corpore
474 4501 650 4593 angulato
683 4511 721 4573 et
758 4507 904 4573 scutato
936 4503 1099 4572 distincti
1130 4507 1167 4572 in
1198 4504 1414 4592 posterioris
1444 4504 1647 4589 systemate
1672 4495 1860 4586 lehtyolo·

285 4631 370 4715 gico
409 4647 520 4716 genus
534 4678 544 4697 .
560 4645 609 4716 27
646 4625 781 4697 Classis
819 4632 973 4716 quartae
1011 4624 1139 4694 Ordinl
1175 4622 1334 4694 secundo
1367 4621 1591 4690 subdivisum
1624 4624 1859 4708 occupantes,

284 4753 404 4838 pisces
431 4752 599 4814 nimirum
628 4750 861 4837 octopterigii
893 4748 1082 4818 thoracici.
1132 4747 1276 4816 Conier.
1299 4741 1440 4815 Tilesius
1454 4737 1691 4829 Monograph.
1718 4744 1858 4826 generis

284 4872 404 4959 Agoni
428 4872 464 4937 in
476 4870 561 4941 Vol.
574 4875 660 4943 tho
672 4873 837 4941 Memoir.
863 4870 909 4941 de
932 4869 1072 4942 l’Acad.
1096 4868 1327 4961 Impendas
1346 4869 1477 4937 sciens.
1491 4863 1537 4933 de
1553 4866 1602 4932 st.
1616 4859 1856 4948 Petersbourg

291 4986 399 5062 adra.
906 5029 909 5034 -
