4404 5902
885 282 1036 339 a
1493 244 1804 343 ''aar

105 478 266 578 molle,
293 497 431 565 totum
458 471 682 592 splendide
713 495 1000 590 argentatum,
1030 476 1154 561 dorso
1180 504 1288 563 cano
1303 525 1318 541 ·
1332 444 1670 578 coerulescente,
1705 477 1805 596 pin-

102 634 178 723 nis
205 627 489 750 superioribus
520 622 695 741 gryseis.
765 629 917 712 Sutura
954 628 1140 713 lateralis
1165 658 1314 743 parum
1341 629 1587 745 conspicua,
1630 629 1807 717 tenerri-

103 818 200 892 ma,
238 788 363 871 dorso
401 777 658 898 propinqua,
701 777 749 865 in
783 777 927 867 medio
965 778 1246 895 longitudinis
1274 782 1401 897 paulo
1428 780 1562 898 magis
1589 785 1804 871 recedens.

106 932 488 1028 cumulatoribus
516 928 693 1015 minime
722 931 928 1038 carinata,
970 935 1047 1020 sed
1085 934 1244 1051 planu.
1294 936 1450 1023 Pinnae
1489 936 1605 1023 dorsi
1633 964 1806 1053 parvae,

105 1101 222 1212 prior
247 1108 409 1175 remota
435 1118 461 1171 a
501 1081 661 1201 capite,
707 1083 836 1170 radiis
879 1077 1178 1187 acicularibus,
1218 1087 1430 1174 tenuibus·
1460 1111 1583 1189 octo,
1625 1118 1804 1204 quorum

102 1244 312 1331 secundus
340 1235 532 1353 longior3
586 1232 724 1324 alteru
745 1264 888 1323 versus
916 1239 1093 1323 caudam
1121 1239 1276 1327 sensim
1305 1262 1540 1355 angustata,
1589 1239 1805 1328 radiorum

102 1395 277 1483 circiter
295 1413 357 1499 24.
414 1391 525 1476 Huic
551 1387 746 1507 opposita
775 1421 816 1503 p.
847 1398 917 1473 uni
946 1388 1118 1494 similis,
1149 1393 1224 1477 sed
1253 1393 1363 1496 alba,
1392 1391 1594 1491 continua
1621 1395 1711 1478 rad.
1732 1411 1800 1500 24.

101 1570 149 1636 et
178 1544 377 1632 minimus
407 1546 576 1631 aculeus
604 1563 700 1625 ante
729 1545 818 1652 ejus
846 1540 1056 1640 radicem3
1084 1541 1192 1628 hinc
1209 1542 1417 1659 pinnulae
1446 1541 1612 1659 spuriae
1640 1545 1800 1632 nullae.

96 1701 148 1786 P.
189 1706 414 1814 pectorales
452 1722 634 1814 parvae,
678 1689 807 1777 radiis
846 1689 1063 1792 tenuibus,
1105 1695 1446 1810 subsimplicibus
1490 1714 1552 1802 ¹4·
1596 1705 1801 1786 venenales

96 1849 244 1939 adhuc
274 1851 474 1952 minores,
505 1847 717 1932 radiorum
746 1873 843 1945 sex,
863 1837 1095 1958 'contiguae
1124 1843 1170 1929 in
1198 1846 1342 1932 carina
1370 1845 1630 1954 abdominis,
1660 1847 1795 1933 tenui·
1895 1892 1901 1906 ·

92 2034 185 2121 que
223 2005 471 2107 ‘membrana
511 1999 624 2085 inter
665 2025 710 2080 se
752 2019 797 2081 et
837 2027 931 2081 cum
975 1995 1117 2080 carina
1158 2026 1401 2101 connexae,
1445 2006 1544 2112 (lut.
1572 2006 1619 2108 a)
1661 2001 1794 2087 albae.

94 2157 274 2244 caudae
300 2154 429 2270 pinna
457 2140 643 2252 bifurca,
674 2145 802 2232 radiis
838 2137 1168 2260 17.'mu1tifidis,
1200 2148 1362 2253 albida,
1404 2151 1532 2238 litura
1557 2150 1796 2267 nigricante
1857 2223 1859 2227 ,
1938 2146 1943 2161 ’

89 2309 144 2395 in
185 2307 282 2422 ipso
324 2303 417 2390 sinu
457 2298 760 2391 bifurcatiouis.
789 2350 844 2366 -
887 2283 1058 2416 Species
1102 2297 1210 2389 haec
1250 2300 1473 2390 transitum
1511 2306 1567 2392 ad
1612 2278 1797 2423 Clupeas

90 2480 319 2547 monstrat.

639 2696 1270 2721 Μαι-...ια

554 2866 1365 3005 unvitandans·
1567 2830 1570 2834 ’
1677 2861 1679 2865 ’

790 3175 1105 3199 “nn—.—

222 3371 406 3493 .Gregali
447 3395 493 3458 et
529 3371 773 3490 migratorio
810 3371 923 3458 vitae
961 3402 1115 3489 genere
1155 3373 1300 3457 affines
1329 3370 1504 3488 Clupeis
1537 3370 1700 3489 pisces,
1742 3398 1789 3463 et

82 3559 227 3646 aeque
255 3527 451 3613 imbelles
486 3526 746 3640 aliorumque
785 3526 1041 3612 marinorum
1078 3522 1325 3610 animalium
1354 3549 1405 3611 et
1433 3525 1575 3613 avium
1601 3529 1788 3644 praedae

79 3678 309 3780 destinati,
337 3677 634 3794 temperatiore
663 3677 708 3761 in
739 3678 910 3762 climate
926 3677 1071 3763 ¹maria
1101 3648 1237 3793 aerina
1261 3673 1433 3792 copiosa
1460 3679 1580 3795 prole
1600 3680 1795 3796 replent,

76 3858 136 3923 nt
165 3829 355 3918 borealia
384 3832 587 3946 Clupeae.
643 3838 694 3915 In
733 3836 868 3915 Ponto
895 3831 1084 3934 Euxino,
1125 3851 1325 3943 tanquam
1360 3829 1516 3916 ultimo
1556 3859 1682 3946 quem
1709 3859 1784 3946 pe·

73 4009 186 4077 tunt
216 3981 479 4099 migrationis
507 3981 702 4087 termino,
730 3981 978 4098 praesertim
1007 3982 1221 4097 pullulant
1244 4002 1290 4065 et
1315 3980 1503 4066 maxima
1527 3968 1652 4099 copia
1674 3979 1783 4066 retia

68 4130 291 4256 replenti
337 4141 504 4247 iamque
544 4135 713 4238 Strabo,
769 4142 885 4244 cujus
925 4133 1179 4248 Pelamydes
1215 4160 1308 4218 esse
1344 4131 1544 4220 videntur
1583 4130 1784 4248 Mugiles,

68 4288 301 4403 originem
328 4286 479 4372 horum
509 4284 689 4401 piscium
717 4286 762 4372 in
792 4287 898 4373 mari
926 4285 1050 4400 nigro
1081 4282 1236 4401 posuit,
1265 4308 1310 4371 et
1322 4281 1619 4400 migrationem
1631 4313 1780 4370 eorum

64 4476 161 4570 per
192 4436 457 4553 Bosphorum
485 4437 734 4542 thracicum,
765 4407 1064 4555 capturamque
1091 4439 1324 4523 maximam
1351 4438 1400 4522 in
1424 4437 1521 4522 sinu
1546 4436 1618 4522 vel
1645 4464 1779 4521 comu

60 4588 345 4717 Byrantino,
388 4587 588 4704 graphice
617 4591 853 4707 descripsit.
918 4593 1001 4675 Sed
1030 4586 1160 4673 etiam
1188 4586 1235 4673 in
1262 4587 1378 4673 mari·
1399 4587 1602 4675 atlantico
1629 4617 1778 4674 eorum

53 4749 208 4872 copia
237 4770 324 4828 non
351 4745 482 4848 deest,
517 4742 622 4860 quin
648 4765 692 4830 et
720 4742 975 4875 Americana
1002 4739 1165 4859 species
1191 4740 1266 4828 vix
1295 4735 1348 4829 ab
1361 4746 1584 4861 Europaea
1608 4739 1778 4831 diversa
