4404 5902
331 403 420 489 ¹90
1105 387 1258 449 ΕΞ

324 611 531 697 abhorretg
557 609 642 676 sunt
668 601 844 676 videlicet
867 603 1051 700 compagis
1076 602 1295 694 spongiosae
1319 597 1432 668 variis
1457 601 1669 692 crispaturis
1694 600 1931 674 membranae
1955 624 2038 676 ma·

328 737 480 804 senterii
508 738 623 799 instar
649 747 827 813 annexae,
853 729 1062 794 metenterii
1090 725 1242 813 liguram
1270 721 1488 806 referentes,
1514 725 1628 794 ductu
1654 725 1834 795 adanam
1859 736 2039 798 excreta·

326 859 384 924 rio
412 855 569 923 donatae
596 872 639 918 ac
668 848 911 938 appendicula
936 847 1093 946 quadam
1117 848 1221 913 tenui
1245 848 1355 912 tereti
1379 845 1537 932 genitale
1564 846 1745 916 referente
1763 847 1854 917 tlatu
1868 853 2038 921 immissa

283 962 290 975 ’
324 979 519 1061 inductae,
560 972 673 1041 lactes
701 974 834 1039 cristae
860 974 974 1037 instar
999 967 1222 1037 attolluntur
1245 985 1289 1034 ac
1315 965 1507 1056 inflantur,
1546 968 1722 1037 candidae
1748 976 1788 1039 et
1814 974 2038 1060 spongiosae

325 1102 527 1190 apparent,
564 1099 772 1162 structurae
798 1090 992 1159 admodum
1021 1110 1144 1175 rarae,
1183 1085 1395 1176 pulmonum
1422 1089 1609 1180 analogae.
1659 1090 1764 1160 Conf.
1790 1092 1884 1161 Tab.
1914 1099 2038 1165 xvia

327 1220 388 1308 fig.
418 1239 453 1287 a.
519 1219 652 1286 Vesica
685 1217 828 1279 anemis
862 1213 965 1304 (Tab.
991 1218 1067 1279 XX.
1099 1209 1160 1299 lig.
1194 1231 1224 1280 ι.
1248 1203 1292 1278 Β.
1310 1209 1348 1299 h)
1383 1229 1505 1277 crassa
1530 1212 1684 1280 candida
1709 1211 1866 1300 villosa,
1909 1214 2038 1285 collae

325 1339 510 1432 parandae
540 1344 646 1426 apta,
688 1334 866 1425 simplex,
907 1354 980 1401 non
1012 1338 1238 1421 intercepta,
1278 1351 1344 1421 per
1374 1339 1493 1400 totum
1527 1331 1678 1401 dorsum
1716 1341 1871 1403 extensa
1916 1338 2038 1426 spinis

325 1482 435 1552 supra
472 1479 577 1527 renes
618 1456 744 1524 afflixa
782 1461 947 1546 superius
986 1459 1156 1549 utrinque
1198 1456 1236 1519 iu
1274 1454 1365 1520 duos
1402 1453 1553 1522 tubulos
1594 1454 1771 1543 producta
1804 1449 1915 1551 (Tab.
1954 1464 2037 1532 XX.

328 1584 390 1673 fig.
422 1605 454 1652 ι.
481 1581 551 1669 cc.)
585 1584 648 1669 qui
680 1599 752 1646 non
786 1575 995 1667 oesophago
1033 1576 1097 1643 sed
1136 1574 1203 1642 sub
1244 1576 1324 1662 ipso
1366 1572 1643 1663 diaphragmate
1682 1580 1868 1646 recurvati
1901 1600 2039 1655 tenuta

325 1712 462 1774 trunco
486 1706 672 1792 utrimque
698 1705 907 1768 inseruntur
931 1704 983 1767 ita
1021 1704 1060 1767 et
1086 1701 1209 1765 vesica
1246 1699 1388 1762 anemia
1427 1699 1568 1766 interne
1595 1698 1838 1767 muscularem
1865 1700 2039 1792 aliquan

323 1831 486 1895 tunicam
511 1822 688 1909 includit,
727 1842 925 1911 numquam
952 1831 1059 1888 antea
1083 1823 1120 1886 in
1146 1818 1303 1907 piscibus
1328 1817 1581 1907 observatam,
1629 1841 1724 1910 quae
1749 1823 1817 1891 sub
1843 1826 1930 1913 ipso
1956 1825 2038 1896 dia·

323 1946 541 2039 phragmate
566 1949 760 2030 inseritur,
802 1944 950 2010 iuferius
986 1942 1052 2009 sub
1085 1942 1216 2011 Vesica
1247 1942 1387 2005 anemia
1420 1943 1536 2008 Renes
1574 1941 1674 2008 rubri
1701 1943 1887 2033 punctulis
1914 1951 2036 2038 nigris

327 2068 491 2157 undique
517 2070 674 2156 respersi
700 2086 766 2154 per
791 2071 911 2131 totum
938 2064 1086 2130 dorsum
1115 2067 1336 2143 excurrunt,
1376 2060 1499 2128 infima
1534 2070 1639 2153 parte
1667 2071 1790 2133 uteter
1819 2073 1961 2138 transit
1987 2070 2037 2140 ad

324 2189 478 2256 fundum
503 2193 648 2257 vesicae
675 2207 717 2254 ac
744 2184 853 2251 valde
881 2184 1054 2253 notabilis
1080 2190 1156 2268 est,
1197 2203 1244 2248 ex
1271 2182 1392 2270 aliqua
1420 2192 1525 2272 parte
1551 2190 1709 2253 vesicam
1735 2193 1920 2258 anemiam
1949 2214 2035 2282 per-

320 2312 456 2380 tundit.
508 2314 642 2378 Uterus
681 2312 719 2374 in
755 2305 937 2375 ioemellis
972 2307 1094 2373 brevis
1132 2303 1270 2393 duplex
1310 2324 1467 2393 superne
1504 2313 1656 2405 utraque
1683 2327 1820 2377 cornua
1845 2310 2038 2399 disjuncta

323 2439 411 2499 suut
435 2428 540 2518 (Tab.
567 2435 641 2496 XX.
671 2429 730 2518 fig.
761 2427 816 2510 a.)
842 2429 982 2495 interne
1009 2425 1226 2511 cohaerent,
1267 2425 1380 2493 ductu
1408 2427 1599 2497 manifesto
1627 2436 1773 2519 patent,
1821 2454 1892 2522 per
1918 2456 2037 2525 quent

323 2552 519 2637 similiter,
557 2558 600 2618 ut
632 2550 748 2619 lactes
782 2550 900 2617 inllari
932 2555 1105 2639 possunt,
1145 2547 1291 2615 iullatus
1327 2555 1452 2616 uterus
1487 2553 1670 2640 juniorum
1703 2551 1815 2620 ovula
1841 2558 2037 2645 ostendit,

322 2678 435 2742 etiam
461 2674 695 2761 microscopii
722 2692 792 2762 ope
819 2671 908 2738 alias
933 2693 1005 2738 non
1032 2669 1378 2755 animadvertenda,
1406 2670 1473 2736 sub
1501 2670 1601 2737 nulla
1628 2671 1719 2757 alia,
1754 2695 1867 2763 quam
1894 2678 2037 2764 gelati.

323 2815 392 2861 nae
418 2792 512 2862 facie
537 2800 602 2863 aut
628 2792 766 2879 forma,
807 2815 856 2861 ex
888 2815 961 2883 quo
996 2791 1197 2877 concludo,
1240 2790 1301 2858 vel
1335 2811 1407 2858 ova
1437 2800 1523 2860 aute
1550 2812 1785 2884 congressum
1812 2795 1930 2885 plane
1961 2823 2038 2871 noa

238 2937 249 2958 0
324 2914 452 2984 adesse
478 2917 515 2981 iu
544 2914 689 3001 asellis,
733 2916 798 2984 sed
831 2920 1021 2984 materiam
1052 2921 1194 2982 tanturn
1229 2920 1407 2981 remotam
1435 2918 1614 3004 primam,
1655 2916 1717 2985 vel
1744 2921 1847 2987 coitu
1874 2930 2038 3010 peracto

323 3036 470 3104 demum
497 3040 739 3106 intumescere
772 3058 815 3106 ac
841 3038 999 3105 risibilia
1025 3036 1205 3124 evadere,
1239 3035 1339 3126 quod
1364 3043 1404 3104 et
1428 3040 1538 3105 maris
1565 3035 1722 3128 genitale
1748 3059 1929 3130 praesens
1957 3066 2040 3117 ma·

323 3155 453 3224 nifaste
479 3157 628 3225 obvium
654 3162 803 3225 inuuere
830 3157 987 3224 videtur.

424 3278 630 3347 Foemellae
657 3278 815 3369 decuplo
843 3277 968 3367 plures
993 3281 1127 3350 dantur
1153 3301 1261 3370 quam
1291 3264 1408 3348 mares
1435 3285 1471 3348 ln
1496 3279 1568 3350 hoc
1593 3303 1737 3372 genere.
1788 3285 1846 3353 ud
1872 3286 2036 3361 nuvium

323 3399 515 3490 Bolsclraja
539 3399 641 3468 Reka
667 3405 817 3495 primus,
844 3405 905 3492 qui
931 3405 1088 3488 capitur,
1117 3409 1226 3490 piscis
1253 3412 1321 3473 est.
1337 3444 1386 3458 -
1409 3408 1517 3474 Circa
1544 3409 1686 3472 initium
1716 3411 1846 3495 Jejuuii
1876 3411 2039 3498 pascha·

324 3519 390 3609 lis,
432 3525 469 3588 in
495 3529 607 3611 portu
635 3523 710 3589 divi
737 3527 832 3590 Petri
858 3531 897 3591 et
922 3521 1024 3588 ilauli
1050 3527 1220 3590 Jauuario
1247 3533 1284 3594 et
1311 3526 1502 3593 Decembri
1542 3531 1686 3615 capitur
1711 3528 1876 3621 laqueis,
1919 3539 2041 3607 intrat

324 3648 471 3734 quidem
498 3649 534 3710 in
568 3647 675 3730 ostia,
703 3643 834 3710 fluvios
861 3646 959 3730 ipsos
987 3664 1075 3711 vero
1101 3667 1173 3712 non
1200 3648 1404 3732 adscendit,
1434 3649 1497 3715 sed
1524 3654 1620 3716 sinus
1648 3658 1688 3717 et
1711 3672 1879 3720 recessus
1899 3654 2040 3727 fluvio·

326 3787 406 3834 tum
434 3785 477 3832 ac
502 3768 612 3831 maris
641 3771 750 3833 amat.
805 3763 862 3832 Ob
888 3769 1006 3832 camis
1033 3766 1227 3835 mollitiem
1254 3793 1320 3838 nec
1346 3776 1503 3838 siccatur
1529 3793 1596 3839 nec
1624 3771 1699 3842 sale
1725 3773 1924 3861 conditur3
1970 3778 2040 3849 aed

325 3895 452 3957 coctus
482 3884 543 3953 vel
569 3886 688 3954 elixus
717 3889 835 3974 primo
862 3906 948 3954 vete
975 3886 1194 3972 comeditur,
1223 3911 1289 3956 nec
1317 3889 1486 3958 laudatur
1511 3895 1547 3960 iu
1574 3894 1656 3962 cibo
1682 3915 1750 3962 nec
1776 3896 1942 3966 multum
1971 3924 2039 3969 ntr-

322 4015 404 4093 ttit,
439 4006 523 4075 hinc
556 4006 661 4075 velut
694 4022 867 4075 contemtus
899 4029 966 4097 pto
999 4010 1149 4076 canibus
1181 4007 1366 4098 colligitur
1393 4012 1448 4108 *)3
1499 4019 1766 4105 quamprimum
1798 4015 1865 4084 alii
1911 4027 2037 4111 pisces

324 4135 499 4201 ttuttacei
528 4129 680 4196 fluvium
707 4129 921 4215 ascendunt,
948 4129 1153 4218 hyemalem
1180 4140 1218 4200 et
1244 4132 1431 4202 vernalem
1457 4139 1617 4227 inopiam
1642 4136 1768 4207 levant
1786 4145 1829 4209 et
1841 4141 2035 4214 auterunt.

423 4246 552 4340 Sesqu‘i
573 4288 583 4300 ·
604 4250 715 4337 pedes
742 4271 824 4317 raro
852 4260 1025 4338 superant

425 4379 468 4443 ln
495 4372 704 4442 ventriculo
739 4370 865 4438 habuit
899 4371 1132 4464 phryganea,
1178 4375 1436 4465 scolopendras
1468 4385 1653 4465 mannas,
1693 4401 1765 4448 ova
1789 4401 2036 4479 cancrorum,

325 4496 542 4586 pisciculos,
585 4499 620 4561 in
647 4496 828 4563 intestinis
861 4497 1063 4563 ascaridum
1100 4500 1216 4566 multa
1242 4500 1378 4584 millia,
1421 4505 1457 4568 iu
1484 4502 1676 4573 fasciculos
1701 4524 1781 4573 sese
1807 4518 1920 4597 quasi
1944 4533 2037 4583 coa·

370 4701 516 4786 ⁸)Qrod
548 4708 640 4767 ctiam
680 4724 822 4768 meretur.
875 4705 970 4766 Canes
1008 4709 1225 4771 Catntsrhstici
1260 4730 1320 4770 non
1357 4712 1471 4773 lcttant
1501 4713 1553 4774 ard
1596 4715 1712 4781 eiulant
1746 4732 1844 4778 nocta
1880 4736 1917 4781 nt
1956 4723 2035 4809 lupi,

440 4814 492 4870 vit
517 4828 615 4875 autern
637 4815 744 4890 credo,
767 4832 880 4893 simper
905 4816 964 4874 hot
988 4816 1053 4876 sutri
1079 4838 1116 4878 cx
1140 4823 1279 4896 piscandi
1306 4822 1457 4901 illidius,
1482 4824 1732 4908 utriusqus
1755 4830 1853 4891 eriam
1878 4833 2037 4898 ureae·

440 4922 511 4999 qaia
535 4939 590 5003 pet
610 4925 815 4984 irritationem
837 4929 1005 4986 taeniarum
1029 4925 1188 4989 doloribus
1210 4934 1434 4996 excruciantur.
1486 4930 1528 4999 T.
