4404 5902
898 352 1045 403 ²¹²¹
1761 349 1821 436 59

267 551 439 638 Descr.
468 552 619 636 Forma
647 572 691 636 et
717 560 889 665 magnit.
920 557 972 635 R.
1003 552 1213 658 clavatae,
1243 575 1376 640 rostro
1403 555 1528 642 valde
1557 557 1809 667 acuminato,

116 704 303 822 spinulis
330 726 506 819 quatuor
532 703 671 819 parvis
697 702 744 787 in
773 703 892 818 apice
923 705 1121 817 palmato.
1179 709 1313 820 Supra
1340 728 1429 791 tota
1457 708 1811 821 gryseo-cinerea,

118 857 267 943 lituris
304 854 550 941 orbiculatis
590 852 721 977 nigris
762 888 923 971 sparsa,
979 879 1023 941 et
1062 857 1173 942 inter
1214 858 1360 943 lituras
1388 861 1629 976 pulverata,
1670 865 1811 949 subtus

118 1010 235 1094 alba.
294 1010 442 1094 Aculei
467 1005 694 1109 recurvati,
736 1008 827 1092 basi
854 1008 1095 1094 lenticulari
1121 1039 1239 1095 ossea
1265 1009 1354 1093 cuti
1381 1010 1676 1105 inhaerentes:
1726 1016 1810 1100 duo
1909 1005 1911 1008 ’

117 1191 249 1276 supra
279 1160 403 1246 rostri
430 1158 617 1276 apicem,
650 1189 747 1243 cum
774 1191 903 1274 parvo
932 1163 1020 1246 lere
1047 1161 1289 1260 terminali3
1329 1163 1447 1278 paria
1475 1167 1559 1248 duo
1588 1188 1684 1250 ante
1713 1196 1810 1253 ocu·

113 1313 215 1416 los;
271 1313 355 1396 duo
398 1315 468 1397 ad·
491 1332 731 1426 aperturam
774 1311 963 1414 narium3
1020 1314 1181 1427 aliquot
1220 1313 1382 1425 magni,
1438 1346 1612 1401 numero
1640 1315 1806 1432 impari,

113 1467 352 1552 secundum
379 1462 588 1577 margines
617 1463 776 1549 anticos
816 1464 999 1564 alarum3
1054 1466 1194 1579 plures
1230 1464 1338 1548 serie
1368 1465 1554 1581 simplici
1582 1477 1811 1557 secundum

114 1621 294 1705 dorsum
321 1614 530 1718 medium,
587 1637 633 1701 et
661 1646 765 1699 unus
794 1615 991 1732 utrinque
1021 1619 1073 1701 ad
1104 1620 1270 1701 dorsum
1299 1617 1529 1720 solitarius,
1585 1620 1807 1709 maximus.

111 1778 278 1855 Versus
306 1771 464 1853 alarum
493 1770 690 1881 angulum
719 1777 860 1883 spinae
889 1770 1048 1882 plures,
1105 1769 1328 1851 introrsum
1359 1773 1666 1876 recumbentes,
1713 1804 1810 1859 con·

112 1927 231 2010 ferta
259 1921 380 2007 serie.
439 1921 586 2004 Cauda
614 1919 1149 2036 terminatum-depressa,
1209 1924 1454 2020 adtenuata,
1496 1926 1639 2007 subtus
1668 1926 1805 2040 plana,

110 2076 311 2190 undique
340 2071 585 2188 asperrima,
629 2104 751 2187 supra
778 2071 973 2187 (adultis)
1001 2072 1109 2157 serie
1137 2070 1299 2188 triplici
1326 2082 1580 2178 aculeorum,
1631 2105 1809 2190 quorum

111 2228 319 2316 laterales
347 2222 547 2326 maximi3
575 2253 716 2308 versus
746 2224 912 2341 apicem
940 2226 1167 2353 spinuliska
1203 2226 1272 2308 vel
1301 2241 1325 2312 3
1353 2224 1597 2318 transversis
1625 2228 1809 2312 laterali·

109 2384 225 2477 bus3
269 2390 415 2495 pinnae
444 2413 482 2463 a.
510 2378 784 2475 rotundatas,
825 2378 929 2462 citra
959 2379 1124 2494 apicem
1157 2373 1460 2492 spathulatum,
1499 2378 1650 2491 quibus
1678 2378 1807 2465 inter·

103 2542 255 2658 jectae
297 2531 441 2648 spinae
483 2528 669 2644 simplici
708 2526 829 2614 serie.
902 2532 1027 2617 Oculi
1068 2530 1262 2643 oblongi,
1320 2531 1575 2644 prominuli,
1634 2533 1808 2619 iridibus

105 2684 518 2782 semicircularibus,
551 2683 686 2766 flavo·
702 2680 858 2781 aureis,
900 2684 1077 2798 desuper
1104 2683 1305 2797 palpebra
1333 2686 1483 2767 adnata
1512 2711 1656 2799 aspera
1683 2683 1803 2771 tecti.

102 2840 250 2925 Nares
274 2840 542 2941 rotundatas,
599 2836 768 2921 valvula
806 2835 950 2919 lunata
987 2834 1284 2934 semiclausae3
1345 2857 1492 2920 vertex
1520 2833 1632 2920 inter
1660 2837 1804 2923 oculos

103 3014 355 3077 excavatus.
425 2975 641 3104 Asperitas
681 2986 811 3073 totius
850 2989 975 3102 pellis
1016 2985 1215 3071 anterius·
1241 2986 1513 3089 creberrima,
1572 3018 1596 3073 e
1636 2987 1805 3104 punctis

103 3140 535 3262 prominentissimis,
577 3142 745 3226 stellato
761 3193 778 3208 -
793 3138 1025 3242 muricatis,
1063 3135 1232 3252 sparsis,
1262 3138 1425 3252 postica
1455 3138 1608 3222 sensim
1637 3141 1806 3225 obsole-

102 3298 224 3395 tior,
252 3293 589 3410 simpliciorque,
618 3292 665 3377 in
693 3288 867 3406 posticis
896 3289 1188 3404 appendicibus
1215 3289 1345 3372 nulla.
1404 3295 1553 3403 Margo
1580 3311 1692 3375 totus
1719 3293 1805 3376 ala·

102 3481 205 3534 rum
235 3445 447 3532 subtiliter
472 3445 769 3531 denticulatus.
800 3444 1058 3527 —·Subtus:
1116 3441 1205 3523 alae
1232 3470 1309 3554 per
1336 3441 1542 3526 ambitam
1569 3442 1798 3556 glabratae,

101 3598 281 3718 punctis
321 3594 396 3681 vix
436 3595 709 3713 prominulis,
767 3593 911 3681 medio
956 3593 1111 3678 sensim
1151 3617 1384 3710 asperatae,
1440 3622 1581 3679 versus
1622 3617 1803 3682 rostrum

103 3750 355 3870 asperrima.
411 3751 560 3836 Aculei
587 3750 771 3835 minores
800 3746 911 3834 striis
941 3745 1161 3833 vorticosis
1189 3746 1362 3853 radiati,
1392 3778 1468 3864 per
1498 3746 1615 3864 paria
1643 3752 1696 3835 ab
1727 3779 1800 3835 ore

97 3912 156 3996 ad
192 3900 487 4019 cartilaginem
537 3924 835 4005 transversam,
895 3898 1179 4015 approximati
1219 3903 1303 3985 duo
1343 3904 1397 3986 ad
1439 3901 1710 4003 umbilicum,
1754 3925 1800 3988 et

98 4061 308 4174 utrinque
332 4055 468 4174 sparsi
494 4085 571 4173 per
597 4057 728 4142 latera
757 4051 968 4169 corporis,
1003 4052 1050 4136 in
1080 4050 1156 4135 alis
1183 4053 1317 4155 nalli3
1374 4075 1551 4168 quatuor
1580 4051 1800 4163 majusculi

96 4237 207 4303 ante
238 4241 284 4296 os
311 4233 549 4295 transverso
576 4207 744 4311 ordine,
802 4229 847 4292 et
888 4206 971 4291 duo
1014 4206 1089 4290 sub
1131 4205 1250 4321 apice
1289 4207 1432 4304 rostri,
1486 4233 1563 4318 per
1592 4203 1798 4289 ambitum

91 4365 218 4456 striis
248 4363 415 4449 radiati.
485 4360 547 4447 Os
573 4358 769 4447 dentibus
807 4357 1054 4472 granulatis,
1114 4358 1339 4456 confertis,·
1399 4388 1516 4441 nares
1544 4355 1656 4440 intus
1684 4354 1797 4469 rugis

89 4517 346 4609 annulatae.
415 4517 632 4627 Spiracula
660 4511 845 4627 quinque
875 4513 1015 4595 lunata
1046 4509 1255 4624 utrinque.
1324 4512 1549 4625 Superioris
1574 4507 1677 4593 labii
1704 4505 1796 4593 lobi

87 4669 304 4762 laterales
332 4666 506 4753 creasti.
539 4719 587 4734 -
618 4672 667 4750 In
689 4672 846 4784 juniore
874 4663 1040 4769 notavi,
1080 4694 1230 4780 corpus
1258 4660 1511 4776 spithamale
1540 4660 1682 4744 subtus
1710 4656 1796 4771 gla-

88 4819 368 4914 briusculum
381 4881 396 4922 ,
453 4818 610 4906 aculeis
652 4816 802 4921 nullis;
858 4849 983 4935 supra
1030 4817 1319 4935 asperitatibus
1361 4845 1447 4900 noa
1479 4810 1678 4919 stellatis,
1720 4811 1796 4896 sed

1340 4981 1361 5024 ἢ
