4404 5902
416 388 512 493 ’540
1199 402 1346 458 ==

419 611 562 726 plures
591 639 721 694 annos
738 607 889 708 'vixit3
933 604 1067 691 immo
1095 607 1232 718 Mugil
1259 604 1492 719 Cephalus,
1531 599 1661 718 piscis
1691 601 1936 720 pelagicus,
1959 594 2017 687 in
2047 600 2125 689 ca·

417 760 508 847 nali
537 791 668 878 prope
701 765 912 872 Kldruelly
951 758 998 844 in
1037 757 1257 874 provincia
1285 752 1594 862 Carmarthen,
1636 744 1756 844 ae'stu
1794 752 1922 841 maris
1964 752 2127 859 illatus,

419 916 594 1001 excluso
624 908 729 998 deid
755 912 862 999 mari
889 910 935 997 in
963 942 1071 1026 aqua
1101 909 1216 996 dulci
1247 910 1493 1026 perplures
1521 940 1652 997 annos
1676 905 1815 1014 vixit,
1864 908 1976 995 licet
2013 912 2131 995 dete·

419 1066 507 1153 rior
535 1067 670 1151 factus
699 1066 905 1152 rideatur.
963 1065 1107 1150 Plures
1135 1062 1267 1148 etiam
1295 1056 1534 1148 Truttaceis
1560 1060 1704 1178 pisces·
1736 1090 1793 1147 ex
1820 1083 1945 1179 parte
1975 1084 2130 1178 sponte

422 1248 496 1302 sua
523 1216 571 1302 in
605 1216 849 1303 fluminibus
886 1239 931 1302 et
965 1218 1139 1302 lacubus
1175 1215 1370 1301 dulcibus
1406 1214 1539 1300 vitam
1573 1237 1725 1331 sponte
1760 1212 2045 1320 continuant,
2085 1240 2134 1302 ut

421 1368 574 1476 Fari0,
603 1369 881 1484 Thymallus,
912 1368 1099 1471 Albula,
1129 1369 1392 1473 Salvelinus,
1420 1368 1565 1454 salmo
1589 1367 1801 1483 Alpinus,
1829 1366 1992 1473 Omul,
2039 1365 2133 1453 alii·

421 1553 533 1641 que,
563 1522 639 1608 ubi
668 1546 766 1638 apte
795 1518 878 1606 sibi
907 1521 1002 1605 loca
1029 1519 1295 1606 invenerunt.
1326 1570 1378 1589 -
1406 1520 1646 1605 Adsceneus
1676 1518 2061 1607 Sulmonaceorum
2087 1518 2133 1605 in

423 1675 575 1764 fluvios
603 1675 730 1761 certis
756 1671 916 1786 ingruit
944 1672 1045 1757 anni
1072 1671 1364 1787 temporibus,
1407 1638 1509 1755 tuuc
1545 1668 1775 1776 videlicet,
1819 1700 1956 1787 quum
1991 1669 2133 1788 pisces

422 1861 504 1918 ova
532 1848 580 1912 et
606 1826 739 1911 lactes
771 1825 1064 1939 perfecerunt,
1106 1846 1152 1909 et
1178 1824 1346 1911 veneris
1374 1821 1515 1909 libido
1544 1822 1747 1927 accessit,
1784 1854 1915 1942 quam
1944 1822 1995 1909 in
2023 1844 2134 1909 trau·

425 1980 574 2099 quillis
610 1976 833 2064 fluviorum
866 1974 1098 2062 recessibus
1142 1977 1356 2062 celebrare
1394 1997 1438 2061 et
1471 1997 1569 2092 apte
1608 1975 1905 2063 excludendae
1942 1977 2135 2062 foeturae

424 2132 525 2219 loco
556 2100 726 2246 eligere!
742 2134 906 2214 Natura
933 2128 1094 2215 docuit.
1150 2135 1239 2213 Hac
1269 2126 1370 2212 dein
1399 2126 1560 2232 frurcti,
1604 2132 1760 2245 partim
1796 2127 1976 2214 refectis
2006 2130 2136 2214 abuu-

425 2281 545 2370 danti
578 2282 838 2368 nutrimento
871 2279 1057 2382 viribus,
1099 2311 1195 2366 cum
1235 2279 1406 2367 exclusa
1439 2281 1604 2367 foetura
1641 2281 1695 2365 ad
1730 2264 1832 2367 nota
1864 2279 2056 2367 latibula
2089 2278 2134 2366 iu

424 2435 535 2537 mari
562 2435 820 2549 remigrant,
847 2430 1003 2546 partim
1030 2454 1075 2516 et
1101 2433 1351 2548 plerumque
1382 2429 1428 2516 in
1456 2431 1596 2518 fluviis
1624 2429 1773 2518 effoeti
1799 2457 2003 2551 pereunt.

570 2582 838 2679 Salmonacei
876 2581 1042 2698 pisces,
1085 2585 1255 2698 quando
1296 2583 1469 2670 flumina
1509 2583 1745 2689 contraria,
1787 2584 2003 2672 continuo
2043 2584 2136 2672 nisu

428 2742 721 2841 adscendunt,
764 2734 892 2819 simul
931 2765 1087 2820 venere
1131 2758 1176 2820 et
1216 2734 1308 2820 nisu
1347 2734 1565 2843 enervati,
1604 2735 1713 2823 forte
1740 2758 1787 2822 et
1812 2734 1940 2824 senio
1968 2735 2133 2843 effoeti,

428 2891 566 2979 varias
596 2890 753 2976 formae
782 2907 826 2971 et
852 2886 1006 2972 coloris
1036 2886 1289 2974 mutationes
1319 2892 1524 2993 subeunt,
1565 2887 1833 3006 (praesertim
1860 2890 2134 3007 Truttacei)3

428 3040 554 3129 simul
583 3070 661 3156 pro
690 3062 827 3125 aetate
857 3060 901 3124 et
936 3039 1033 3124 loco
1076 3038 1235 3124 variare
1276 3043 1415 3128 solent
1454 3043 1623 3159 plures,
1665 3042 1779 3127 unde
1822 3070 1915 3127 non
1953 3043 2134 3159 exiguae

430 3217 650 3283 auctorum
678 3192 724 3278 in
753 3190 1063 3306 distinguendis
1099 3191 1517 3309 multiplicandisque
1554 3191 1802 3309 speciebus,
1844 3224 1980 3311 saepe
2010 3195 2135 3283 nimis

426 3347 542 3435 inter
583 3375 628 3431 se
663 3343 901 3448 similibus,
945 3345 1240 3446 difficultates,
1283 3346 1330 3430 in
1371 3346 1466 3430 aliis
1502 3345 1686 3458 piscium
1725 3344 1959 3461 generibus
1997 3349 2134 3433 minus

428 3501 685 3614 frequentes.
741 3499 835 3581 Erit
877 3519 1017 3581 autem
1061 3527 1226 3610 semper
1267 3497 1451 3582 marinus
1489 3499 1619 3614 piscis
1663 3529 1741 3609 pro
1781 3530 1937 3585 norma
1976 3501 2135 3620 speciei

428 3648 663 3736 habendus.
719 3647 878 3733 Mirum
908 3646 1079 3733 interim
1109 3672 1185 3751 est,
1216 3680 1347 3765 quum
1375 3681 1461 3734 non
1487 3681 1633 3736 omnes
1661 3651 1849 3767 quidem,
1881 3657 1966 3742 sed
1995 3658 2135 3773 plures

432 3800 662 3915 aliquando
689 3799 817 3886 simul
844 3800 1087 3885 Salmonum
1128 3802 1291 3917 species
1332 3803 1377 3887 in
1414 3805 1673 3918 procreanda
1701 3804 1823 3920 prole
1851 3834 2133 3927 occupentur,

428 3983 517 4042 non
542 3952 742 4070 prodire,
783 3951 831 4038 in
858 3973 976 4036 tanta
1005 3951 1236 4061 affinitate,
1284 3955 1560 4041 econnubiis
1589 3956 1735 4042 mixtis
1770 3955 1996 4073 hybrida,
2039 3964 2136 4051 licet

427 4107 558 4195 arula
585 4103 869 4192 foecundandi
896 4103 1110 4204 officium,
1153 4105 1243 4191 sine
1284 4138 1459 4193 sexuum
1497 4107 1823 4221 conjunctione,
1863 4118 1984 4205 adeo
2022 4115 2138 4233 aquia

429 4282 477 4347 et
503 4257 608 4345 sorti
635 4255 903 4345 commissum
932 4254 1001 4358 sit;
1029 4260 1144 4371 quod
1173 4261 1402 4346 artificialis
1432 4258 1707 4346 foecundatio
1724 4292 1911 4353 ovorum
1928 4270 2136 4372 ilarionis,

429 4408 728 4527 experimento
756 4406 856 4495 satis
897 4432 1029 4516 noto,
1069 4410 1280 4525 probarit.
1337 4419 1499 4498 Natura
1543 4410 1670 4529 aquei
1710 4415 1932 4507 elementi
1972 4423 2137 4509 civibus

428 4560 692 4653 branchiam
724 4563 831 4649 adeo
864 4594 1045 4649 noverca
1084 4563 1193 4670 fuit,
1238 4588 1284 4649 ut
1326 4564 1519 4681 organis,
1562 4563 1714 4680 quibus
1754 4565 2032 4660 vivicantem
2072 4575 2136 4660 vel

433 4714 694 4801 animantem
720 4715 950 4833 primordia
983 4715 1114 4834 prolis
1153 4714 1335 4803 halitum
1370 4719 1416 4804 in
1454 4717 1591 4836 ipsum
1623 4716 1800 4806 maritae
1830 4729 2046 4845 conjugio
2074 4756 2137 4843 ge

430 4865 545 4954 niele
576 4898 723 4957 ursum
760 4866 993 4959 immittere
1027 4869 1224 4959 mesctdis
1260 4867 1443 4962 aliarum
1475 4869 1672 4962 aberium
1703 4871 1907 4994 voluptas
1943 4881 2136 4998 contigit,
