4404 5902
340 419 438 515 572
1110 422 1266 479 α

355 663 469 759 260.
542 658 821 753 SALMO
893 622 1341 799 Logocepbolus.
1398 650 1530 743 TAB.
1577 645 1813 747 LXXVII.
1862 646 1952 771 fig.
1994 678 2042 751 α.

486 942 528 1024 8.
556 966 734 1055 corpore
762 952 1004 1048 argentato,
1061 918 1195 1015 rostro
1228 948 1404 1044 retuso,
1456 923 1591 1053 piune
1624 923 1740 1011 dorsi
1774 957 1825 1037 ²⁷
1852 925 2045 1035 radiata,

347 1091 481 1176 cauda
509 1089 686 1176 bifurca.
1384 1144 1393 1186 .-

566 1242 708 1330 Salmo
733 1237 864 1357 pinna
892 1235 1007 1323 dorsi
1039 1250 1116 1341 14,
1146 1232 1216 1320 arii
1242 1228 1502 1321 octo'radiata
1514 1290 1529 1332 ,
1564 1229 1722 1318 scallor.
1751 1228 1841 1318 obs.
1871 1236 2023 1327 MSm.

455 1397 600 1484 Rossis
629 1396 673 1479 in
702 1387 996 1482 Camtschatca
1023 1411 1069 1474 et
1095 1382 1435 1515 Cemtschadulie
1456 1384 1628 1480 Kaikds
1653 1378 1984 1477 Ochotensibus
2007 1412 2052 1481 et

478 1616 481 1621 -
513 1545 702 1634 Lamotis
728 1549 852 1630 Κέω.
1552 1560 1555 1565 ’

455 1698 656 1787 Coraecis
680 1699 900 1783 uertatur.
958 1691 1115 1781 Cutilis
1142 1696 1261 1809 Su'pe.

453 1849 625 1937 Aleutis
650 1849 938 1935 Anumcbudu.

485 2004 558 2089 Ad
591 2005 810 2091 Oceanum
852 1997 1104 2084 orientalem
1145 1997 1304 2113 pariter
1339 2022 1385 2085 et
1426 1994 1475 2083 ln
1517 1991 1755 2085 Ochoteusi
1796 1996 1899 2085 sinu
1941 1995 2048 2091 haee

341 2153 505 2272 species
532 2155 783 2271 plerumque
809 2181 895 2237 non
922 2172 1019 2235 ante
1048 2151 1236 2273 medium
1256 2152 1359 2237 Julii
1387 2173 1433 2238 et
1459 2160 1649 2265 Augusto
1679 2148 1933 2238 fluminibus
1958 2184 2046 2243 sue·

342 2307 484 2412 cedit,
524 2305 654 2391 unico
682 2303 865 2420 excepto
892 2300 1034 2387 ltscha
1053 2281 1219 2407 fluvio,
1262 2305 1337 2388 ubi
1373 2303 1588 2419 utriusque
1622 2330 1750 2389 sexus
1775 2306 1857 2389 sed
1887 2304 2045 2395 minori

337 2483 494 2547 statura
533 2480 587 2543 et·
618 2457 779 2542 orariis
801 2457 1001 2541 ¹nondum
1035 2455 1236 2570 perlectis
1275 2463 1360 2569 jam
1388 2463 1516 2568 MsJo
1549 2475 1786 2569 apparent..
1826 2461 1895 2542 Iu·
1914 2459 2043 2547 Cam·

334 2611 557 2698 tschatcae
582 2608 729 2695 fluviis.
746 2630 843 2723 post
871 2609 1111 2692 Sulmonem
1145 2612 1465 2722 Lycaodontem
1498 2630 1545 2695 et
1575 2604 1832 2693 orientalem
1867 2612 2043 2699 demum

338 2765 625 2866 adscendunt,
654 2785 698 2846 et
724 2782 815 2845 tum
844 2762 986 2845 denuo
1013 2760 1129 2845 etin
1157 2758 1344 2846 Itscham
1373 2758 1548 2847 flurium
1575 2758 1749 2870 copiose
1776 2761 2046 2849 adscenden-

337 2935 407 2998 tes
432 2917 705 2999 observantur
730 2910 1006 3026 perfectiores
1032 2915 1071 2995 S.
1102 2912 1406 3029 Lagocephalia
1464 2910 1677 2997 Dicuntur
1701 2933 1849 2997 autem
1875 2944 2042 3021 omnes,

282 3132 296 3145 ,
337 3087 440 3183 post
464 3062 686 3150 oculorum
714 3085 760 3147 et
785 3061 959 3147 luctium
987 3065 1280 3150 excretionem·
1306 3052 1462 3153 sensim
1489 3062 1537 3150 iu
1564 3062 1706 3148 lluriis
1739 3063 1923 3179 perire,
1962 3096 2046 3157 nee

338 3217 393 3302 ud
421 3245 534 3302 mare
562 3213 730 3300 reverti.
775 3215 1027 3299 Adveniunt
1055 3246 1080 3299 e
1107 3217 1214 3302 mari
1240 3247 1388 3304 omnes
1417 3236 1619 3332 argenteo
1645 3214 1818 3318 nitore;
1846 3223 1930 3306 sed
1958 3219 2044 3337 agi·

336 3369 573 3457 rationein
604 3368 773 3469 fluviis,
814 3367 1016 3457 lateribus
1056 3371 1213 3452 suffuso
1250 3370 1371 3485 quasi
1405 3366 1610 3484 sanguine
1636 3369 1792 3453 rubent
1804 3430 1821 3467 ,
1864 3372 2046 3459 maculis

337 3522 615 3607 albidioribus
644 3519 774 3620 rarii,
805 3518 942 3602 minus
971 3550 1092 3634 supra
1121 3521 1278 3606 lineam
1308 3524 1539 3608 lateralem.
1602 3504 1655 3605 lu¹
1679 3521 1940 3609 ventriculis
1969 3522 2043 3612 ho·

332 3701 426 3756 rum
454 3672 635 3787 piscium
663 3701 829 3786 semper
858 3699 1009 3784 magua
1037 3642 1161 3787 cdpia
1188 3673 1381 3760 invenias
1407 3676 1600 3777 oniscos,
1629 3670 1941 3788 phryganeas,
1984 3680 2043 3765 la·

331 3820 465 3939 pillos
487 3826 638 3911 uarios.

470 3979 670 4063 Descr.
729 3976 977 4089 Magnitudo
1013 3980 1262 4093 plerumqun
1303 3979 1516 4095 bipedalis
1542 4009 1640 4065 cum
1669 3979 1838 4095 aliquot
1873 3987 2045 4103 pollici·

328 4129 419 4214 bue.
480 4132 616 4243 Caput
645 4159 851 4230 crassum,
882 4159 1002 4242 supra
1032 4161 1298 4239 convexum,
1339 4155 1474 4219 rostro
1499 4130 1695 4217 breviore
1720 4154 1769 4216 et
1799 4143 1945 4253 magis
1972 4144 2047 4229 ob·

326 4302 445 4383 tuso,
492 4311 617 4395 quom
647 4279 693 4363 in
721 4278 810 4363 ullo
839 4281 923 4364 alio
950 4283 1166 4388 salmone,
1208 4315 1348 4369 versus
1392 4286 1577 4369 frontem
1605 4285 1765 4398 gibbo.
1826 4295 2043 4383 Marsuae

326 4432 376 4519 in
406 4432 590 4518 maribus
617 4433 744 4546 paulo
780 4430 1013 4538 acutiores,
1056 4435 1175 4519 uncis
1215 4436 1433 4541 robustis,
1464 4435 1763 4550 inaequalibus
1806 4444 2040 4551 dentatae,

323 4584 507 4669 inferior
531 4584 658 4699 paulo
686 4584 877 4698 longior,
924 4585 1044 4700 apice
1086 4609 1209 4672 acuto
1257 4590 1544 4689 subredunoa;
1584 4589 1776 4678 dentibus
1802 4595 2039 4683 introrsum

321 4734 559 4819 inclinatis.
616 4741 666 4818 In
693 4735 879 4851 piscibus
908 4737 1066 4823 diutius
1101 4768 1179 4853 per
1215 4740 1388 4825 flumina
1423 4738 1698 4855 vagantibus,
1740 4748 1946 4861 superior
1973 4750 2037 4834 iu·

315 4882 534 5003 tenorque
563 4886 741 4979 maxilla
766 4887 1062 5001 incurrantur,
1103 4912 1151 4977 ut
1189 4923 1235 4983 os
1274 4893 1470 4982 claudere
1503 4924 1590 4983 non
1615 4893 1781 5010 possint
1794 4933 1809 5001 ς
1855 4901 2035 4999 maxilla
