4404 5902
391 340 446 425 16
847 304 852 311 ¹
1160 348 1306 403 ΕΞ

387 583 550 676 „tegra
620 548 780 667 Auguli
808 548 937 637 rictus
965 544 1050 634 oris
1077 544 1195 632 nudi.
1264 548 1397 633 Nares
1422 543 1518 661 pori
1547 544 1741 646 minimi,
1796 541 1940 632 madio
1967 540 2082 630 inter

386 733 598 820 „rostrum
624 727 668 790 et
695 705 854 791 oculos.
919 701 1043 786 Oculi
1070 696 1283 816 palpebris
1312 699 1436 784 nudis
1464 695 1793 784 membranaceis
1820 697 2080 783 nictitantes.

391 865 554 967 „Aures
580 880 780 944 externae
809 854 936 969 plane
964 882 1050 937 non
1078 851 1343 966 conspicuae.
1400 855 1561 968 Corpus
1588 849 1889 936 ventricosum.
1951 848 2082 932 Pedes

389 1015 581 1119 „lueres
613 1006 841 1093 anteriores
869 1003 1143 1117 tetradactyli
1170 1005 1283 1098 fisse,·
1311 1004 1480 1117 plantae
1508 1002 1824 1117 tetradactylae,
1852 1001 2080 1118 palmatae,

388 1196 515 1271 „cum
536 1160 673 1275 digito
686 1154 961 1272 incompleto.
1005 1162 1163 1239 Totum
1192 1154 1349 1238 animal
1377 1153 1539 1269 capite,
1569 1183 1743 1268 corpore
1770 1177 1814 1239 et
1840 1150 2081 1240 extremita-

388 1317 532 1422 „tibus
564 1344 688 1426 supra
722 1310 914 1424 infraque
962 1336 1249 1408 verrucosum,
1307 1304 1491 1390 verrucis
1530 1306 1653 1420 supra
1692 1301 2078 1405 fusco-brunneis,

388 1469 560 1572 „subtus
597 1462 737 1552 luteis.
806 1461 1040 1575 Longitutio
1067 1457 1208 1542 trunci
1235 1459 1297 1545 δ”.
1325 1461 1484 1574 pedum·
1510 1455 1766 1572 poeticorum
1796 1468 1853 1548 3&
1881 1458 1951 1542 s‘'‘.

677 1898 986 2008 chusIl.
1050 1896 1787 2005 TESTUDINES.

1071 2183 1386 2203 m

529 2381 620 2468 Soli
652 2376 908 2467 anamalium
926 2377 1153 2463 Testudini
1170 2383 1332 2463 Natura
1360 2399 1494 2465 costas
1521 2403 1564 2465 et
1591 2402 1776 2467 aternum
1803 2379 1849 2466 in
1876 2377 2082 2468 continua

388 2555 506 2622 scuta
546 2564 665 2620 osaea
704 2531 901 2636 mutavit,
943 2553 987 2615 et
1028 2553 1149 2615 extra
1188 2533 1397 2618 musculos
1426 2531 1651 2648 disposuit,
1694 2534 1782 2620 sola
1811 2531 2080 2650 epidermide

385 2715 544 2775 cornea
572 2687 798 2802 adoperta;
853 2686 1002 2769 eadem
1030 2681 1233 2768 coriaceis
1262 2684 1481 2798 speciebus
1509 2683 1745 2788 emollivit3
1801 2688 1902 2771 dum
1930 2707 2081 2770 contra

386 2838 520 2926 nanis
547 2860 681 2924 crates
707 2833 893 2921 thoracis
923 2856 968 2919 et
994 2864 1224 2949 coccygem
1249 2836 1376 2951 plane
1405 2835 1645 2951 denegarit.
1724 2837 1906 2952 Reliqua
1934 2858 2078 2922 anato-

386 3020 479 3094 me,
521 2989 708 3075 externis
748 2987 949 3073 membris
989 3009 1035 3071 et
1076 2986 1169 3073 oria
1205 2986 1457 3073 Testudines
1485 2989 1618 3103 magis
1646 2991 1700 3074 ad
1727 2967 1921 3111 liacertas
1948 2986 2079 3074 incli-

387 3162 513 3241 nant,
540 3171 642 3257 quas
669 3162 832 3243 tamen,
862 3159 910 3222 ut
935 3138 1079 3223 omnia
1106 3137 1232 3224 facile
1261 3139 1345 3224 alia
1374 3138 1594 3239 animalia,
1629 3140 1859 3227 tenacitate
1890 3138 2003 3224 vitae
2031 3161 2078 3224 et

386 3294 510 3379 famis
537 3292 764 3378 tolerantia
791 3293 919 3405 longa
947 3288 1143 3391 vincunt,
1189 3294 1242 3376 ad
1269 3312 1482 3377 tormenta
1508 3311 1553 3374 et
1581 3293 1755 3376 vulnera
1782 3314 1942 3395 mutae,
1972 3293 2079 3376 dum

386 3467 534 3533 contra
572 3443 712 3532 cordis
764 3466 970 3528 structura
1008 3443 1144 3557 magis
1184 3444 1239 3527 ad
1279 3442 1549 3558 quadrupeda
1589 3443 1728 3530 calida
1767 3441 1991 3529 inclinant.
2018 3491 2079 3513 ·-

389 3599 526 3684 Genus
557 3598 843 3697 Testudinum,
884 3619 933 3680 ut
959 3594 1117 3709 ubique
1146 3593 1284 3680 minus
1312 3621 1602 3701 numerosum,
1643 3595 1704 3682 ita
1733 3597 1844 3713 apud
1873 3624 1948 3679 nos
1975 3624 2078 3711 pau·

393 3777 464 3835 cas
493 3770 685 3834 numerat
712 3747 896 3864 species,
948 3768 1113 3833 tantum
1139 3744 1187 3831 in
1213 3743 1457 3862 temperatis
1486 3769 1531 3831 et
1557 3747 1804 3835 australibus
1830 3744 2005 3832 Rossiae
2032 3768 2081 3833 et

387 3899 561 3986 Tataria
589 3898 794 4004 viventes,
820 3896 868 3987 iu
895 3898 1137 3985 borealibus
1163 3927 1265 3984 vero
1293 3919 1338 3983 et
1364 3896 1564 3986 ulteriore
1593 3898 1748 3988 Sibiria
1773 3897 1948 3985 omnino
1975 3927 2080 3983 exu-

387 4053 464 4142 les.
540 4053 773 4171 Praecipue
814 4051 1099 4139 abundantia
1127 4047 1370 4164 regionibus
1398 4048 1512 4137 circa
1538 4058 1719 4140 Pontum
1746 4074 1791 4139 et
1818 4077 1931 4137 mare
1947 4100 1961 4116 ·
1978 4049 2078 4137 Cas·

388 4207 528 4326 pium,
587 4205 717 4324 inque
757 4207 930 4292 lacubus
965 4204 1161 4289 Tatariae
1197 4229 1372 4315 magnae
1400 4201 1474 4287 ubi
1500 4206 1746 4320 praesertim
1772 4202 1954 4326 pullulat
1981 4228 2099 4318 spe·-

388 4359 502 4471 ciet,
529 4357 660 4450 etiam
686 4358 735 4449 in
760 4364 928 4476 Europa
956 4353 1159 4471 vulgaris,
1186 4361 1238 4440 Τ.
1268 4350 1527 4442 orbicularis.

921 4598 1548 4634 m
