4404 5902
1018 330 1178 391 ηεξ-
1855 315 1947 422 bon

254 534 465 623 diameter
494 551 647 617 transv.
682 538 736 615 1⁰.
764 534 834 617 tim.
872 525 1158 644 prominentia·
1188 524 1312 613 rostri
1339 528 1449 614 ultra
1477 558 1523 617 os
1535 589 1549 629 ‚
1593 532 1827 649 cademque
1854 536 1943 623 fere

255 668 465 773 crassities
494 683 600 769 labii
626 683 696 788 tm.
752 681 949 785 Viscera,
994 681 1141 764 dentes
1168 678 1380 780 faucium,
1422 681 1563 770 vesica
1591 685 1757 770 anemis
1784 711 1831 772 ut
1855 690 1946 804 ple·

252 835 398 952 risque
428 832 641 950 Cypriuis.

277 1038 280 1043 ·
311 1050 314 1058 ·
356 1019 623 1089 celeberrimus
648 1011 756 1106 Pullus
780 1011 831 1115 ζ’)
857 1023 894 1086 in
920 1020 1049 1087 itinere
1077 1017 1189 1107 priori
1215 1019 1352 1108 piscem
1377 1021 1414 1086 in
1441 1019 1648 1092 fluminibus
1675 1026 1947 1097 Daruricismi·

254 1146 404 1210 vantem
430 1139 640 1208 observavit
662 1148 702 1210 et
726 1141 919 1230 descripsit
944 1142 982 1205 iu
1007 1143 1193 1208 itinerario
1213 1131 1337 1229 (Pallas
1364 1143 1474 1209 Reiss
1499 1141 1578 1213 areu
1597 1143 1722 1214 Tbeils
1753 1149 1948 1222 stesaoch.

254 1257 413 1346 Anhang
439 1279 519 1347 pag.
545 1257 621 1354 703
658 1276 710 1331 n0.
737 1259 816 1354 39.)
844 1264 944 1328 etin
972 1263 1073 1328 Actis
1099 1262 1204 1325 novis
1228 1257 1510 1346 Petropolitauis
1536 1264 1621 1335 Vol.
1654 1285 1724 1335 amo
1750 1289 1833 1358 pag,
1856 1265 1946 1359 355,

254 1381 295 1447 ln
322 1400 398 1466 quo
422 1379 529 1444 simul
564 1379 716 1466 liguram
746 1386 856 1470 piscis
895 1400 916 1447 a
956 1381 1071 1448 latere
1111 1385 1150 1448 et
1188 1381 1318 1467 capitis
1356 1378 1401 1445 ab
1429 1380 1591 1451 inferiori
1623 1405 1733 1474 parte
1767 1393 1883 1457 visam
1907 1394 1947 1457 in

254 1499 346 1566 Tab.
372 1504 432 1563 xi.
460 1501 532 1586 rig.
560 1496 585 1568 8
610 1509 650 1568 et
664 1520 710 1593 9.
736 1499 964 1586 delineavit).
1016 1504 1124 1566 Piscis
1151 1519 1265 1566 novus
1291 1502 1354 1586 qui
1370 1545 1383 1585 ,
1421 1493 1583 1592 Cyprinus
1607 1500 1715 1576 Labeo
1748 1509 1794 1577 ab
1818 1512 1946 1610 iuven·

253 1625 341 1688 tore
366 1617 572 1711 appellatus
598 1626 638 1688 et
661 1623 699 1686 in
723 1623 829 1688 icone
853 1620 994 1711 adjecta
1019 1619 1185 1708 depictus
1209 1625 1268 1686 est
1294 1618 1579 1704 (vid.Tabu1s'm
1600 1646 1715 1693 meam
1731 1635 1776 1700 V.
1789 1633 1861 1719 Εἰς.
1876 1624 1946 1724 m),

256 1758 326 1807 ore
351 1743 569 1828 cyprinaceo
593 1740 739 1830 quidem
766 1744 962 1809 instructus
996 1747 1053 1806 est
1087 1738 1149 1805 sed
1182 1743 1301 1805 rostro
1336 1759 1410 1806 nou
1435 1741 1631 1811 admodum
1657 1749 1787 1836 insigni
1812 1749 1948 1837 gaudet

259 1859 312 1946 (al
335 1857 428 1926 alias
453 1865 635 1927 structura
658 1863 731 1929 oris
755 1863 793 1926 in
816 1865 922 1932 icone
947 1860 1041 1930 bene
1065 1876 1239 1945 expressa
1265 1861 1328 1944 sit)
1352 1862 1429 1944 ita,
1473 1867 1516 1931 ut
1544 1865 1742 1953 nequidem
1774 1886 1860 1935 cum
1886 1887 1946 1935 ro·

257 1985 337 2048 stro
364 1971 503 2069 Cyprinr'
535 1975 649 2048 Nasus
682 1976 812 2065 biarbii
847 1979 1013 2067 (Bloch’s
1050 1975 1176 2046 Fische
1214 1975 1480 2051 Deutscblauds
1517 1983 1604 2051 Tab.
1632 1988 1704 2075 11.)
1743 1989 1948 2076 comparari

256 2103 403 2188 possit·;
429 2107 591 2169 attamen
616 2108 745 2169 auctor
769 2099 1027 2168 celeberrimus
1053 2098 1166 2164 alium
1192 2101 1327 2186 piscem
1354 2102 1492 2187 insigne
1518 2108 1715 2173 rostratam
1740 2126 1790 2174 ex
1809 2110 1946 2175 Amure

259 2238 307 2287 ex
334 2223 429 2287 Lena
464 2227 503 2288 et
527 2224 689 2310 Coryma
729 2219 882 2287 allatum
919 2243 1002 2288 cum
1041 2224 1160 2307 priore
1186 2221 1346 2305 cyprino
1386 2240 1516 2310 nempe
1549 2222 1714 2292 Labeone
1744 2230 1810 2295 vix
1833 2246 1877 2293 ac
1901 2245 1947 2294 ue

262 2344 331 2409 vix
356 2340 502 2430 quidem
530 2349 689 2410 rostrato
714 2344 751 2406 iu
777 2361 884 2408 unam
913 2340 1138 2426 eandemque
1163 2341 1320 2426 speciem
1346 2343 1534 2429 conjunxit
1559 2349 1600 2413 et
1620 2343 1685 2411 sub
1706 2365 1779 2413 uno
1799 2345 1947 2415 eodem·

260 2476 333 2551 que
360 2466 505 2528 nomine
530 2467 647 2551 pisces
670 2470 747 2531 tarn
773 2462 937 2530 diversos
970 2461 1183 2528 venditavit.
1248 2458 1324 2523 Etsi
1357 2462 1493 2546 piscem
1524 2470 1722 2532 nostratum
1757 2469 1889 2556 injuste
1922 2485 1948 2533 a

259 2580 436 2649 Pallassio
462 2580 507 2648 ad
532 2581 734 2650 Labeonem
758 2581 914 2651 relatum
940 2583 1010 2672 jam
1035 2581 1097 2647 diu
1123 2577 1169 2644 ad
1200 2584 1367 2644 naturam
1398 2578 1637 2651 delineassem
1669 2591 1709 2654 et
1733 2588 1827 2655 inter
1853 2605 1948 2657 nora

261 2720 343 2769 mea
369 2700 518 2770 detecta
545 2701 776 2788 retulissem,
814 2709 936 2772 tamen
962 2722 1123 2769 errorem
1149 2697 1311 2765 Pallassii
1344 2719 1417 2766 non
1443 2704 1543 2791 prius
1567 2705 1857 2775 animadvertere
1881 2725 1947 2796 po·

259 2826 316 2890 toi
342 2841 454 2913 quam
477 2842 560 2889 curu
587 2824 623 2890 iu
649 2823 802 2912 piscium
833 2821 1136 2911 descriptionibus
1167 2822 1240 2887 suis
1271 2819 1477 2886 revidendis
1509 2829 1548 2891 et
1578 2824 1683 2914 prelo
1716 2825 1948 2914 subjiciendis

261 2943 298 3008 ln
324 2939 573 3030 Zoographiae
599 2946 713 3010 Rosso
727 2979 741 2997 ·
756 2945 936 3011 Asiaticae
962 2941 1156 3013 Volumina
1181 2943 1293 3009 tertio
1319 2944 1500 3007 contentis
1525 2952 1725 3034 occupatus
1752 2943 1884 3013 fuerim
1908 2952 1950 3017 et

260 3062 380 3135 donec
404 3063 639 3152 comparandi
663 3083 750 3132 cura
776 3084 834 3131 me
858 3071 1038 3133 attentum
1064 3066 1101 3127 in
1127 3082 1208 3129 eum
1235 3060 1392 3127 fecisset.
1434 3061 1606 3131 Perlectis
1630 3067 1757 3155 itaque
1782 3073 1822 3134 et
1847 3087 1948 3135 com·

264 3188 404 3274 paratis
429 3186 635 3272 iterumque
661 3182 833 3273 perlectis
859 3189 1011 3273 piscium
1036 3182 1101 3249 sub
1122 3183 1273 3270 Cyprini
1298 3177 1470 3246 Labeonis
1496 3185 1640 3251 nomine
1672 3188 1948 3275 conjunctorum

258 3302 567 3394 descriptionibus
601 3307 711 3372 tertia
748 3307 828 3371 vice
865 3306 1088 3392 raimpressis
1102 3347 1114 3385 ,
1163 3300 1319 3386 denique
1358 3298 1551 3385 intellexi,
1601 3309 1789 3375 auctorem
1833 3309 1870 3370 in
1901 3325 1947 3375 eo

259 3442 407 3495 enasse
421 3469 434 3509 ,
458 3423 559 3513 quod
584 3427 721 3514 piscem
746 3446 868 3492 meum
893 3431 1101 3507 rotratum,
1140 3424 1175 3486 in
1201 3422 1352 3500 Quone,
1379 3419 1514 3505 lngoda
1528 3465 1541 3505 ‚
1568 3417 1709 3490 Scbilca
1734 3431 1773 3492 et
1800 3423 1949 3513 reliquis

262 3567 331 3638 per
356 3547 529 3612 Amorem
560 3549 597 3610 in
628 3545 843 3615 orientalem
876 3547 1058 3614 Oceanum
1093 3538 1325 3610 effluentibus
1359 3538 1480 3606 fluviis
1512 3545 1724 3630 copiosum,
1772 3549 1950 3635 Tungusis

258 3668 309 3737 ad
336 3669 526 3753 Corymae
552 3664 702 3733 fluvium
728 3662 993 3739 Tsshakutscbsn
1019 3671 1057 3730 et
1082 3681 1104 3729 a
1127 3659 1303 3746 Jucagiris
1331 3653 1494 3727 Onatschs
1520 3661 1685 3749 dictum,
1724 3670 1951 3736 aDavurico

261 3808 331 3855 suo
357 3780 391 3853 C
390 3785 503 3874 yprino
527 3778 671 3855 [abeam
701 3807 775 3854 uon
811 3792 997 3868 rostrato,
1035 3803 1144 3873 quem
1183 3777 1291 3844 Kouls
1330 3779 1483 3865 dicunt,
1520 3803 1593 3847 non
1632 3791 1856 3873 separaverit
1883 3808 1951 3855 uec

262 3906 507 3976 distinxerit:
543 3911 628 3974 sunt
651 3910 775 3999 enim,
813 3906 911 3996 quod
936 3910 973 3971 in
998 3902 1054 3970 his
1080 3901 1183 3968 lineis
1208 3897 1491 3988 demonstrabo,
1518 3901 1710 3971 nonsolurn
1736 3927 1783 3972 ex
1809 3907 1953 3976 diversa

254 4030 399 4097 ossium
424 4029 553 4115 capitis
583 4034 767 4095 structura
805 4028 868 4096 sed
904 4047 952 4094 ex
994 4023 1121 4092 multis
1158 4018 1238 4086 aliis
1278 4027 1470 4090 momentis
1507 4020 1617 4092 e'tiam
1651 4023 1818 4093 diversae
1842 4031 1882 4093 et
1906 4025 1953 4093 ab

259 4152 342 4241 ipsa
366 4146 496 4217 natans
521 4149 722 4240 disjunctae
747 4152 897 4238 species.
924 4150 1111 4235 Aquarum
1141 4137 1347 4229 regionibus
1372 4149 1410 4209 et
1433 4143 1581 4214 climate
1606 4143 1712 4213 simul
1740 4124 1952 4231 abhorrentss

248 4264 367 4342 Lases
394 4270 656 4336 Davuricorum
695 4273 736 4337 et
772 4275 951 4337 sostratus
977 4262 1243 4334 Tschulrutsclrsn
1285 4266 1426 4330 Amoris
1462 4272 1500 4333 ct
1535 4268 1719 4354 Corymae
1761 4264 1957 4336 fluviorum

231 4394 351 4462 ,uiris
383 4396 440 4460 est
465 4396 504 4456 et
528 4393 709 4478 posterior
734 4406 756 4456 a
782 4391 933 4477 priore,
960 4395 1003 4458 ut
1028 4388 1253 4476 comparatio
1280 4387 1367 4452 satis
1394 4404 1576 4475 superque
1601 4385 1737 4473 docet,
1767 4374 1960 4457 uousolusu

297 4679 358 4761 0)
378 4683 497 4747 Tilesii
521 4682 685 4762 appendix
709 4684 747 4744 do
760 4681 902 4762 Cyprius
924 4693 1057 4741 rostrato
1077 4693 1111 4740 et
1132 4677 1273 4753 cultrato,
1296 4675 1458 4739 'l'rsrhiuo
1472 4678 1687 4739 Trichndunse
1710 4692 1745 4739 et
1766 4678 1961 4758 Epinrpbelo

386 4789 506 4855 tiliam.
530 4790 697 4853 Memoirss
718 4791 757 4853 de
779 4791 894 4856 l'Amd.
918 4789 1078 4869 imperiale
1100 4787 1150 4849 des
1171 4790 1308 4849 scientes
1331 4789 1423 4851 Tum.
1445 4787 1502 4850 lv.
1526 4788 1603 4855 Τὼ.
1627 4786 1698 4859 ΧΥ.
1719 4805 1755 4870 p·
1777 4793 1960 4870 454-461·

1493 4925 1513 4967 Φ
