4404 5902
929 286 1078 337 π
1813 287 1847 374 9

153 480 460 589 viridissimas,
487 540 490 547 -
515 486 658 570 subtus
685 485 831 607 albas,
871 514 1020 602 parum
1050 485 1279 571 maculatus
1294 502 1326 587 ,'
1348 495 1457 574 aliae
1485 515 1682 602 gryseae,
1725 489 1845 578 lusco

155 638 416 742 maculatae,
470 643 579 722 aliae
607 641 778 723 demum
809 635 1002 723 olivaceo
1018 687 1032 700 ·
1046 636 1325 723 lassescentes
1353 639 1569 722 obscurius
1592 641 1843 728 maculatae.

152 793 298 901 Str-iga
337 787 512 874 dorsalis
552 788 702 874 viridis
744 788 790 873 in
830 789 1027 875 omnibus
1070 809 1115 872 et
1155 817 1304 903 corpus
1345 792 1488 874 subtus
1526 791 1690 875 eflavo
1717 793 1844 880 albet.

154 943 322 1027 Pondus
364 938 518 1025 adultis
560 942 614 1025 ad
655 964 832 1052 quatuor
872 936 1015 1023 uncias
1055 969 1151 1025 cum
1194 969 1268 1023 sex
1311 939 1536 1026 drachmis.
1610 943 1846 1056 Longiwdo

157 1091 346 1208 oirporis
372 1125 398 1177 a
425 1123 588 1177 summo
617 1115 750 1177 rostro
778 1096 831 1181 ad
873 1122 998 1175 anum
1039 1090 1423 1205 quadripollicare3
1476 1092 1629 1207 capitis
1662 1091 1846 1179 latitudo

160 1244 220 1329 1''.
249 1245 331 1332 63⁰.
398 1250 527 1329 Artus
567 1243 728 1361 priores
772 1243 941 1328 extensi
983 1243 1042 1326 ᾤ’.
1086 1242 1157 1328 s‘'‘.
1198 1240 1457 1355 posticorum
1484 1248 1643 1329 femora
1676 1244 1729 1329 1⁹.
1758 1241 1845 1352 9in‘.

156 1393 294 1482 tibiae
326 1395 382 1497 1“,
419 1399 509 1481 10'''.
537 1396 710 1511 plantae
740 1398 799 1482 δ”.
833 1416 1026 1510 aequant.
1107 1396 1299 1478 Calorem
1326 1389 1630 1482 thermometro
1657 1398 1849 1511 explora·

152 1572 249 1634 tum
277 1549 440 1631 nullum
479 1576 664 1661 unquam
705 1545 953 1648 observavi5
1009 1567 1166 1634 aestate
1201 1541 1333 1629 etiam
1362 1550 1579 1658 squalere
1606 1547 1847 1664 frigidiores

156 1719 457 1817 apparuerunt.

331 1966 549 2058 Exemplum
575 1987 683 2036 ranae
713 1970 749 2034 in
784 1973 914 2058 spiritu
946 1971 1021 2036 vini
1047 1971 1187 2059 optime
1217 1976 1470 2038 conservatum
1503 1977 1542 2046 et
1572 1976 1655 2038 curn
1684 1973 1848 2042 Tauricis

283 2089 449 2179 pluribus
482 2087 554 2157 huc
586 2089 742 2156 allatum
776 2091 823 2156 ad
855 2098 1026 2188 'naturam
1058 2091 1260 2177 delineari,
1310 2090 1638 2179 quodsecunrlum
1671 2092 1848 2164 Schnetsai

281 2211 513 2280 celeberrimi
567 2212 697 2306 (llist.¹
724 2209 1003 2300 Amphibiorum
1034 2210 1197 2278 fascicul.
1233 2218 1262 2278 1.
1301 2234 1383 2301 pag.
1427 2208 1528 2302 135.)
1564 2213 1849 2304 descriptionem

278 2335 401 2423 (spec.
444 2327 523 2411 rs.)
561 2352 631 2420 pro
666 2335 844 2399 varietate
883 2333 1067 2400 climatiae
1105 2337 1146 2402 R.
1186 2333 1395 2421 paradoxae
1436 2331 1568 2419 habui,
1618 2336 1718 2424 quod
1758 2357 1849 2407 vero

159 2526 169 2541 .
281 2451 393 2519 simul
425 2455 462 2517 in
496 2451 663 2519 omnibus
694 2453 777 2518 curii
813 2457 981 2521 Auctoris
1007 2457 1123 2521 nostri
1158 2453 1226 2520 cel.
1266 2457 1368 2521 Rana
1405 2452 1644 2523 cachinnante
1674 2460 1849 2529 convenit

281 2571 519 2664 ejusdemque
542 2573 778 2664 descriptioni
799 2573 1012 2666 respondet.
1112 2571 1162 2644 T.

330 2749 523 2814 Praeterea
565 2766 661 2814 nova
711 2754 749 2817 et
798 2746 1066 2815 scrutatoribus
1111 2747 1269 2815 nondum
1316 2752 1462 2837 cognita
1495 2752 1634 2839 species
1666 2752 1849 2819 Renarum

283 2870 430 2957 egregie
457 2873 574 2957 picta,
601 2869 709 2935 dorso
736 2870 884 2958 quidem
910 2867 1008 2936 laevi
1035 2868 1098 2937 sed
1123 2867 1250 2939 habitu
1275 2868 1420 2937 Bulonis
1451 2870 1604 2959 pedibus
1629 2869 1847 2960 imbecillio·

287 2988 388 3056 ribus
413 2994 453 3056 et
478 2988 573 3056 linea
598 2989 743 3057 laterali
769 2994 917 3057 crenata
942 2989 1114 3056 distincta
1140 3012 1161 3058 a
1187 2990 1362 3058 celeberr.
1390 2998 1517 3058 nostro
1542 2989 1704 3078 Boebero,
1731 2994 1846 3060 Buto-

287 3110 517 3197 mologorum
541 3114 687 3178 Rossiae
712 3109 820 3178 facile
846 3113 1001 3198 principi
1027 3115 1064 3175 in
1090 3110 1179 3178 urbe
1207 3109 1497 3181 Catharinoslaw
1520 3110 1666 3180 detecta
1691 3110 1737 3178 ad
1763 3132 1848 3199 sup·

285 3231 458 3322 plendum
499 3252 687 3299 numerum
724 3231 872 3300 Rossiae
909 3231 1159 3319 indigenarum
1196 3252 1338 3301 mecum
1376 3229 1554 3299 benevole
1579 3210 1851 3303 communicata

283 3350 477 3422 inserenda
496 3356 584 3427 erit.
692 3348 730 3426 T
756 3399 809 3425 .2.
836 3373 899 3422 α.

614 3672 838 3767 RANA
908 3669 1067 3794 picto
1155 3671 1393 3764 Boeberl.

300 3989 463 4078 Descr.
491 3987 880 4107 largitudo‘trium
901 3989 1079 4077 latitudo
1105 3990 1282 4074 duorum
1302 3984 1522 4102 pollicum.
1571 3988 1708 4101 Caput
1718 3985 1849 4069 breve

161 4138 510 4230 obtusiusculum.
540 4145 664 4232 Oculi
674 4144 977 4260 prominentes,
1007 4153 1079 4231 iris
1092 4144 1218 4244 fusca,
1249 4146 1408 4257 pupilla
1421 4139 1546 4254 nigra
1555 4137 1709 4222 annulo
1723 4164 1850 4220 aureo

160 4290 321 4379 cincta.
375 4299 488 4383 Area
517 4297 847 4412 depressiuscula
875 4296 987 4380 inter
1013 4318 1231 4408 utramque
1259 4290 1456 4378 orbitam.
1524 4292 1652 4376 Pedes
1678 4297 1849 4374 αηιεήο-

155 4475 227 4533 res
252 4446 523 4564 tetradactyli
549 4448 709 4567 pollice
736 4445 930 4534 breviore
958 4470 1183 4533 retrorsum
1211 4475 1350 4551 verso,
1386 4452 1624 4560 posteriores
1650 4441 1850 4559 pentade-

156 4597 272 4713 ctyli
299 4599 435 4715 digito
464 4603 653 4688 secundo
680 4598 872 4715 longiore
912 4598 1089 4717 palmati
1123 4601 1266 4686 subtus
1294 4595 1504 4713 glandulis
1531 4597 1690 4681 duabus
1719 4589 1850 4677 maio·

161 4748 286 4836 ribus
312 4775 356 4839 et
380 4751 563 4842 totidem
592 4749 826 4840 minoribus
853 4751 900 4840 in
928 4752 1076 4870 quovis
1104 4751 1282 4838 articulo
1296 4747 1465 4836 muniti.
1508 4752 1666 4865 Corpus
1679 4747 1848 4861 depres-

1386 4934 1410 4988 Β
1452 4930 1457 4936 .
