<?xml version="1.0" encoding="UTF-8"?>
<!DOCTYPE html PUBLIC "-//W3C//DTD XHTML 1.0 Transitional//EN"
    "http://www.w3.org/TR/xhtml1/DTD/xhtml1-transitional.dtd">
<html xmlns="http://www.w3.org/1999/xhtml" xml:lang="en" lang="en">
 <head>
  <title>
</title>
<meta http-equiv="Content-Type" content="text/html;charset=utf-8" />
  <meta name='ocr-system' content='tesseract 3.04.00' />
  <meta name='ocr-capabilities' content='ocr_page ocr_carea ocr_par ocr_line ocrx_word'/>
</head>
<body>
  <div class='ocr_page' id='page_1' title='image "./zoographiarosso00pallgoog_0267.png"; bbox 0 0 4404 5902; ppageno 0'>
   <div class='ocr_carea' id='block_1_1' title="bbox 689 616 1558 731">
    <p class='ocr_par' dir='ltr' id='par_1_1' title="bbox 689 616 1558 731">
     <span class='ocr_line' id='line_1_1' title="bbox 689 616 1558 731; baseline 0.005 -5"><span class='ocrx_word' id='word_1_1' title='bbox 689 616 1558 731; x_wconf 75' lang='lat' dir='ltr'><strong>XXXV-&#39;&#39;SClAENAE</strong></span> 
     </span>
    </p>
   </div>
   <div class='ocr_carea' id='block_1_2' title="bbox 963 900 1283 929">
    <p class='ocr_par' dir='ltr' id='par_1_2' title="bbox 963 900 1283 929">
     <span class='ocr_line' id='line_1_2' title="bbox 963 900 1283 929; baseline 0 -9"><span class='ocrx_word' id='word_1_2' title='bbox 963 900 1283 929; x_wconf 48' lang='lat'><strong>*-</strong></span> 
     </span>
    </p>
   </div>
   <div class='ocr_carea' id='block_1_3' title="bbox 271 1033 1966 3592">
    <p class='ocr_par' dir='ltr' id='par_1_3' title="bbox 271 1033 1966 2853">
     <span class='ocr_line' id='line_1_3' title="bbox 272 1033 1966 1196; baseline -0.001 -31"><span class='ocrx_word' id='word_1_3' title='bbox 272 1139 277 1147; x_wconf 90' lang='lat'><em>-</em></span> <span class='ocrx_word' id='word_1_4' title='bbox 419 1074 614 1196; x_wconf 83' lang='lat' dir='ltr'><strong>Suspicio</strong></span> <span class='ocrx_word' id='word_1_5' title='bbox 654 1097 718 1163; x_wconf 87' lang='lat' dir='ltr'><strong>est</strong></span> <span class='ocrx_word' id='word_1_6' title='bbox 755 1075 896 1190; x_wconf 84' lang='lat' dir='ltr'><strong>plures</strong></span> <span class='ocrx_word' id='word_1_7' title='bbox 936 1071 1098 1188; x_wconf 78' lang='lat' dir='ltr'><strong>pisces,</strong></span> <span class='ocrx_word' id='word_1_8' title='bbox 1143 1033 1293 1159; x_wconf 79' lang='lat' dir='ltr'><strong>habitu</strong></span> <span class='ocrx_word' id='word_1_9' title='bbox 1327 1095 1373 1158; x_wconf 91' lang='lat' dir='ltr'><strong>et</strong></span> <span class='ocrx_word' id='word_1_10' title='bbox 1406 1071 1650 1159; x_wconf 82' lang='lat' dir='ltr'>charactere</span> <span class='ocrx_word' id='word_1_11' title='bbox 1687 1077 1743 1163; x_wconf 88' lang='lat' dir='ltr'><strong>ad</strong></span> <span class='ocrx_word' id='word_1_12' title='bbox 1775 1086 1966 1177; x_wconf 67' lang='lat' dir='ltr'><strong>sciaena,</strong></span> 
     </span>
     <span class='ocr_line' id='line_1_4' title="bbox 274 1222 1961 1361; baseline 0.006 -45"><span class='ocrx_word' id='word_1_13' title='bbox 274 1230 566 1361; x_wconf 72' lang='lat' dir='ltr'><strong>pertinentes,</strong></span> <span class='ocrx_word' id='word_1_14' title='bbox 620 1231 673 1313; x_wconf 90' lang='lat' dir='ltr'><strong>ab</strong></span> <span class='ocrx_word' id='word_1_15' title='bbox 711 1223 1005 1339; x_wconf 80' lang='lat' dir='ltr'><strong>ichthyologis</strong></span> <span class='ocrx_word' id='word_1_16' title='bbox 1052 1223 1099 1308; x_wconf 90' lang='lat' dir='ltr'><strong>in</strong></span> <span class='ocrx_word' id='word_1_17' title='bbox 1140 1252 1292 1336; x_wconf 85' lang='lat' dir='ltr'><strong>genera</strong></span> <span class='ocrx_word' id='word_1_18' title='bbox 1332 1222 1452 1340; x_wconf 87' lang='lat' dir='ltr'><strong>Spari</strong></span> <span class='ocrx_word' id='word_1_19' title='bbox 1497 1247 1543 1310; x_wconf 88' lang='lat' dir='ltr'><strong>et</strong></span> <span class='ocrx_word' id='word_1_20' title='bbox 1578 1230 1706 1315; x_wconf 85' lang='lat' dir='ltr'><strong>Labri</strong></span> <span class='ocrx_word' id='word_1_21' title='bbox 1745 1232 1961 1327; x_wconf 85' lang='lat' dir='ltr'><strong>distractor</strong></span> 
     </span>
     <span class='ocr_line' id='line_1_5' title="bbox 273 1367 1961 1496; baseline 0.004 -29"><span class='ocrx_word' id='word_1_22' title='bbox 273 1367 432 1495; x_wconf 52' lang='lat' dir='ltr'><strong>luisse,</strong></span> <span class='ocrx_word' id='word_1_23' title='bbox 472 1402 517 1465; x_wconf 91' lang='lat' dir='ltr'><strong>et</strong></span> <span class='ocrx_word' id='word_1_24' title='bbox 552 1378 757 1495; x_wconf 28' lang='lat' dir='ltr'><strong>invicem·</strong></span> <span class='ocrx_word' id='word_1_25' title='bbox 780 1376 932 1469; x_wconf 87' lang='lat' dir='ltr'><strong>horum</strong></span> <span class='ocrx_word' id='word_1_26' title='bbox 978 1374 1140 1490; x_wconf 89' lang='lat' dir='ltr'><strong>aliquos</strong></span> <span class='ocrx_word' id='word_1_27' title='bbox 1178 1374 1290 1460; x_wconf 90' lang='lat' dir='ltr'><strong>inter</strong></span> <span class='ocrx_word' id='word_1_28' title='bbox 1328 1374 1523 1462; x_wconf 86' lang='lat' dir='ltr'><strong>Sciaenas</strong></span> <span class='ocrx_word' id='word_1_29' title='bbox 1558 1379 1684 1465; x_wconf 86' lang='lat' dir='ltr'><strong>fuisse</strong></span> <span class='ocrx_word' id='word_1_30' title='bbox 1723 1386 1961 1496; x_wconf 88' lang='lat' dir='ltr'><strong>collocatos,</strong></span> 
     </span>
     <span class='ocr_line' id='line_1_6' title="bbox 274 1502 1962 1645; baseline 0.01 -36"><span class='ocrx_word' id='word_1_31' title='bbox 274 1502 383 1627; x_wconf 51' lang='lat' dir='ltr'><strong>,ideo</strong></span> <span class='ocrx_word' id='word_1_32' title='bbox 423 1535 537 1645; x_wconf 82' lang='lat' dir='ltr'><strong>quod</strong></span> <span class='ocrx_word' id='word_1_33' title='bbox 576 1531 769 1635; x_wconf 81' lang='lat' dir='ltr'><strong>solidum</strong></span> <span class='ocrx_word' id='word_1_34' title='bbox 814 1525 966 1617; x_wconf 88' lang='lat' dir='ltr'><strong>borum</strong></span> <span class='ocrx_word' id='word_1_35' title='bbox 992 1551 993 1554; x_wconf 63' lang='lat'>‘</span> <span class='ocrx_word' id='word_1_36' title='bbox 1015 1525 1144 1611; x_wconf 89' lang='lat' dir='ltr'><strong>trium</strong></span> <span class='ocrx_word' id='word_1_37' title='bbox 1192 1554 1392 1639; x_wconf 85' lang='lat' dir='ltr'><strong>generum</strong></span> <span class='ocrx_word' id='word_1_38' title='bbox 1437 1527 1726 1620; x_wconf 82' lang='lat' dir='ltr'>characterem</span> <span class='ocrx_word' id='word_1_39' title='bbox 1754 1528 1962 1626; x_wconf 62' lang='lat' dir='ltr'><strong>&#39;stabilire</strong></span> 
     </span>
     <span class='ocr_line' id='line_1_7' title="bbox 274 1674 1961 1795; baseline 0.006 -28"><span class='ocrx_word' id='word_1_40' title='bbox 274 1680 482 1779; x_wconf 77' lang='lat' dir='ltr'><strong>hactenus</strong></span> <span class='ocrx_word' id='word_1_41' title='bbox 509 1682 797 1795; x_wconf 79' lang='lat' dir='ltr'><strong>neglexerant.</strong></span> <span class='ocrx_word' id='word_1_42' title='bbox 818 1674 1207 1790; x_wconf 72' lang='lat' dir='ltr'><strong>..Quandoquidem</strong></span> <span class='ocrx_word' id='word_1_43' title='bbox 1235 1676 1360 1792; x_wconf 88' lang='lat' dir='ltr'><strong>pauci</strong></span> <span class='ocrx_word' id='word_1_44' title='bbox 1386 1700 1550 1765; x_wconf 89' lang='lat' dir='ltr'><strong>tantum</strong></span> <span class='ocrx_word' id='word_1_45' title='bbox 1577 1678 1701 1794; x_wconf 91' lang='lat' dir='ltr'><strong>hujus</strong></span> <span class='ocrx_word' id='word_1_46' title='bbox 1725 1689 1961 1776; x_wconf 79' lang='lat' dir='ltr'><strong>denomira·</strong></span> 
     </span>
     <span class='ocr_line' id='line_1_8' title="bbox 271 1824 1959 1954; baseline 0.005 -36"><span class='ocrx_word' id='word_1_47' title='bbox 271 1830 414 1918; x_wconf 82' lang='lat' dir='ltr'><strong>‘tionis&#39;</strong></span> <span class='ocrx_word' id='word_1_48' title='bbox 436 1831 600 1947; x_wconf 86' lang='lat' dir='ltr'><strong>species</strong></span> <span class='ocrx_word' id='word_1_49' title='bbox 635 1846 775 1917; x_wconf 82' lang='lat' dir='ltr'><strong>nostra</strong></span> <span class='ocrx_word' id='word_1_50' title='bbox 812 1830 942 1914; x_wconf 87' lang='lat' dir='ltr'><strong>maria</strong></span> <span class='ocrx_word' id='word_1_51' title='bbox 977 1827 1147 1929; x_wconf 87' lang='lat' dir='ltr'><strong>colunt,</strong></span> <span class='ocrx_word' id='word_1_52' title='bbox 1189 1830 1368 1914; x_wconf 85' lang='lat' dir='ltr'><strong>sufficiat</strong></span> <span class='ocrx_word' id='word_1_53' title='bbox 1402 1824 1478 1914; x_wconf 87' lang='lat' dir='ltr'><strong>bic</strong></span> <span class='ocrx_word' id='word_1_54' title='bbox 1497 1912 1501 1921; x_wconf 83' lang='grc'>,</span> <span class='ocrx_word' id='word_1_55' title='bbox 1517 1833 1759 1935; x_wconf 89' lang='lat' dir='ltr'><strong>monuisse,</strong></span> <span class='ocrx_word' id='word_1_56' title='bbox 1801 1864 1959 1954; x_wconf 77' lang='lat' dir='ltr'><strong>praeter</strong></span> 
     </span>
     <span class='ocr_line' id='line_1_9' title="bbox 276 1978 1952 2108; baseline 0.005 -39"><span class='ocrx_word' id='word_1_57' title='bbox 276 1980 563 2095; x_wconf 78' lang='lat' dir='ltr'><strong>characterem</strong></span> <span class='ocrx_word' id='word_1_58' title='bbox 582 1979 962 2103; x_wconf 33' lang='lat' dir='ltr'><strong>:eridentissimum</strong></span> <span class='ocrx_word' id='word_1_59' title='bbox 985 2001 1029 2064; x_wconf 88' lang='lat' dir='ltr'><strong>et</strong></span> <span class='ocrx_word' id='word_1_60' title='bbox 1044 1983 1153 2063; x_wconf 77' lang='lat' dir='ltr'><strong>rere</strong></span> <span class='ocrx_word' id='word_1_61' title='bbox 1181 1978 1447 2065; x_wconf 82' lang='lat' dir='ltr'><strong>essentialem</strong></span> <span class='ocrx_word' id='word_1_62' title='bbox 1475 1987 1579 2067; x_wconf 77' lang='lat' dir='ltr'><strong>sulci</strong></span> <span class='ocrx_word' id='word_1_63' title='bbox 1600 1985 1726 2073; x_wconf 87' lang='lat' dir='ltr'><strong>dorso</strong></span> <span class='ocrx_word' id='word_1_64' title='bbox 1746 1985 1952 2108; x_wconf 74' lang='lat' dir='ltr'><strong>insculpti,</strong></span> 
     </span>
     <span class='ocr_line' id='line_1_10' title="bbox 275 2104 1953 2250; baseline 0.004 -27"><span class='ocrx_word' id='word_1_65' title='bbox 275 2163 354 2250; x_wconf 78' lang='lat' dir='ltr'><strong>pto</strong></span> <span class='ocrx_word' id='word_1_66' title='bbox 379 2135 621 2249; x_wconf 86' lang='lat' dir='ltr'><strong>reponenda</strong></span> <span class='ocrx_word' id='word_1_67' title='bbox 648 2104 804 2250; x_wconf 84' lang='lat' dir='ltr'><strong>pinna,</strong></span> <span class='ocrx_word' id='word_1_68' title='bbox 845 2130 1041 2216; x_wconf 87' lang='lat' dir='ltr'><strong>Sciaenas</strong></span> <span class='ocrx_word' id='word_1_69' title='bbox 1071 2160 1217 2215; x_wconf 90' lang='lat' dir='ltr'><strong>omnes</strong></span> <span class='ocrx_word' id='word_1_70' title='bbox 1245 2128 1471 2216; x_wconf 84' lang='lat' dir='ltr'><strong>convenire</strong></span> <span class='ocrx_word' id='word_1_71' title='bbox 1498 2142 1623 2247; x_wconf 80' lang='lat' dir='ltr'><strong>pinno</strong></span> <span class='ocrx_word' id='word_1_72' title='bbox 1648 2136 1810 2226; x_wconf 82' lang='lat' dir='ltr'><strong>dorsali</strong></span> <span class='ocrx_word' id='word_1_73' title='bbox 1835 2142 1953 2229; x_wconf 89' lang='lat' dir='ltr'><strong>conti·</strong></span> 
     </span>
     <span class='ocr_line' id='line_1_11' title="bbox 276 2250 1948 2408; baseline 0.005 -41"><span class='ocrx_word' id='word_1_74' title='bbox 276 2250 389 2388; x_wconf 71' lang='lat' dir='ltr'><strong>nus,</strong></span> <span class='ocrx_word' id='word_1_75' title='bbox 415 2283 599 2368; x_wconf 82' lang='lat' dir='ltr'><strong>anterius</strong></span> <span class='ocrx_word' id='word_1_76' title='bbox 626 2258 915 2398; x_wconf 85' lang='lat' dir='ltr'><strong>spinescente,</strong></span> <span class='ocrx_word' id='word_1_77' title='bbox 940 2283 1199 2367; x_wconf 78' lang='lat' dir='ltr'><strong>neutralibus·</strong></span> <span class='ocrx_word' id='word_1_78' title='bbox 1215 2280 1276 2367; x_wconf 90' lang='lat' dir='ltr'><strong>in·</strong></span> <span class='ocrx_word' id='word_1_79' title='bbox 1291 2282 1458 2367; x_wconf 83' lang='lat' dir='ltr'><strong>foveola</strong></span> <span class='ocrx_word' id='word_1_80' title='bbox 1484 2285 1808 2393; x_wconf 79' lang='lat' dir='ltr'><strong>recubantibus,</strong></span> <span class='ocrx_word' id='word_1_81' title='bbox 1845 2293 1948 2408; x_wconf 78' lang='lat' dir='ltr'><strong>spina</strong></span> 
     </span>
     <span class='ocr_line' id='line_1_12' title="bbox 276 2416 1944 2557; baseline 0.005 -38"><span class='ocrx_word' id='word_1_82' title='bbox 276 2436 348 2519; x_wconf 83' lang='lat' dir='ltr'><strong>rel</strong></span> <span class='ocrx_word' id='word_1_83' title='bbox 376 2416 536 2547; x_wconf 73' lang='lat' dir='ltr'><strong>aciculd</strong></span> <span class='ocrx_word' id='word_1_84' title='bbox 562 2431 756 2549; x_wconf 81' lang='lat' dir='ltr'><strong>stipatis,</strong></span> <span class='ocrx_word' id='word_1_85' title='bbox 782 2435 916 2518; x_wconf 83' lang='lat' dir='ltr'><strong>canda</strong></span> <span class='ocrx_word' id='word_1_86' title='bbox 945 2435 1130 2535; x_wconf 84' lang='lat' dir='ltr'><strong>furcata,</strong></span> <span class='ocrx_word' id='word_1_87' title='bbox 1172 2432 1422 2557; x_wconf 22' lang='lat' dir='ltr'><strong>membrano.</strong></span> <span class='ocrx_word' id='word_1_88' title='bbox 1435 2462 1509 2532; x_wconf 81' lang='lat' dir='ltr'><strong>seu</strong></span> <span class='ocrx_word' id='word_1_89' title='bbox 1527 2434 1709 2543; x_wconf 84' lang='lat' dir='ltr'><strong>flabello</strong></span> <span class='ocrx_word' id='word_1_90' title='bbox 1735 2440 1944 2528; x_wconf 57' lang='lat' dir='ltr'><strong>&amp;metat</strong></span> 
     </span>
     <span class='ocr_line' id='line_1_13' title="bbox 274 2552 1941 2699; baseline 0.004 -30"><span class='ocrx_word' id='word_1_91' title='bbox 274 2552 579 2685; x_wconf 78' lang='lat' dir='ltr'><strong>strictissimo,</strong></span> <span class='ocrx_word' id='word_1_92' title='bbox 606 2584 761 2697; x_wconf 80' lang='lat' dir='ltr'><strong>exiguo</strong></span> <span class='ocrx_word' id='word_1_93' title='bbox 795 2586 871 2683; x_wconf 85' lang='lat' dir='ltr'><strong>sub</strong></span> <span class='ocrx_word' id='word_1_94' title='bbox 908 2589 1109 2693; x_wconf 80' lang='lat' dir='ltr'><strong>operculis</strong></span> <span class='ocrx_word' id='word_1_95' title='bbox 1135 2584 1220 2668; x_wconf 90' lang='lat' dir='ltr'><strong>late</strong></span> <span class='ocrx_word' id='word_1_96' title='bbox 1247 2583 1433 2669; x_wconf 82' lang='lat' dir='ltr'><strong>rescissis</strong></span> <span class='ocrx_word' id='word_1_97' title='bbox 1458 2606 1504 2685; x_wconf 83' lang='lat' dir='ltr'><strong>et</strong></span> <span class='ocrx_word' id='word_1_98' title='bbox 1530 2588 1765 2699; x_wconf 87' lang='lat' dir='ltr'><strong>squamosis</strong></span> <span class='ocrx_word' id='word_1_99' title='bbox 1789 2572 1941 2689; x_wconf 74' lang='lat' dir='ltr'><strong>latente,</strong></span> 
     </span>
     <span class='ocr_line' id='line_1_14' title="bbox 275 2712 1936 2853; baseline 0.002 -33"><span class='ocrx_word' id='word_1_100' title='bbox 275 2712 459 2850; x_wconf 71' lang='lat' dir='ltr'><strong>squamis</strong></span> <span class='ocrx_word' id='word_1_101' title='bbox 484 2734 800 2853; x_wconf 65' lang='lat' dir='ltr'><strong>asperiusculis,</strong></span> <span class='ocrx_word' id='word_1_102' title='bbox 840 2764 917 2849; x_wconf 85' lang='lat' dir='ltr'><strong>per</strong></span> <span class='ocrx_word' id='word_1_103' title='bbox 946 2731 1073 2817; x_wconf 90' lang='lat' dir='ltr'><strong>series</strong></span> <span class='ocrx_word' id='word_1_104' title='bbox 1103 2732 1342 2847; x_wconf 83' lang='lat' dir='ltr'><strong>dispositis,</strong></span> <span class='ocrx_word' id='word_1_105' title='bbox 1388 2734 1601 2819; x_wconf 88' lang='lat' dir='ltr'><strong>metallice</strong></span> <span class='ocrx_word' id='word_1_106' title='bbox 1631 2736 1885 2846; x_wconf 87' lang='lat' dir='ltr'><strong>nitentibus,</strong></span> <span class='ocrx_word' id='word_1_107' title='bbox 1906 2764 1936 2824; x_wconf 86' lang='lat' dir='ltr'><strong>et</strong></span> 
     </span>
    </p>

    <p class='ocr_par' dir='ltr' id='par_1_4' title="bbox 273 2855 1933 3039">
     <span class='ocr_line' id='line_1_15' title="bbox 273 2855 1933 3039; baseline 0.004 -72"><span class='ocrx_word' id='word_1_108' title='bbox 273 2862 501 3013; x_wconf 72' lang='lat' dir='ltr'><strong>praecipue</strong></span> <span class='ocrx_word' id='word_1_109' title='bbox 528 2881 640 2967; x_wconf 89' lang='lat' dir='ltr'><strong>linea</strong></span> <span class='ocrx_word' id='word_1_110' title='bbox 668 2914 744 2970; x_wconf 89' lang='lat' dir='ltr'><strong>seu</strong></span> <span class='ocrx_word' id='word_1_111' title='bbox 768 2905 909 2970; x_wconf 83' lang='lat' dir='ltr'><strong>sutura</strong></span> <span class='ocrx_word' id='word_1_112' title='bbox 937 2891 1102 2969; x_wconf 76' lang='lat' dir='ltr'><strong>laterali</strong></span> <span class='ocrx_word' id='word_1_113' title='bbox 1136 2855 1476 2986; x_wconf 82' lang='lat' dir='ltr'><strong>evidentissima,</strong></span> <span class='ocrx_word' id='word_1_114' title='bbox 1519 2888 1642 2971; x_wconf 86' lang='lat' dir='ltr'><strong>dorso</strong></span> <span class='ocrx_word' id='word_1_115' title='bbox 1681 2890 1933 3039; x_wconf 83' lang='lat' dir='ltr'><strong>parallelaet</strong></span> 
     </span>
    </p>

    <p class='ocr_par' dir='ltr' id='par_1_5' title="bbox 274 3031 1932 3157">
     <span class='ocr_line' id='line_1_16' title="bbox 274 3031 1932 3157; baseline 0.001 -37"><span class='ocrx_word' id='word_1_116' title='bbox 274 3032 488 3157; x_wconf 76' lang='lat' dir='ltr'><strong>continua.</strong></span> <span class='ocrx_word' id='word_1_117' title='bbox 510 3136 522 3149; x_wconf 37' lang='lat'><strong>·</strong></span> <span class='ocrx_word' id='word_1_118' title='bbox 544 3039 614 3119; x_wconf 89' lang='lat' dir='ltr'><strong>An</strong></span> <span class='ocrx_word' id='word_1_119' title='bbox 641 3033 691 3123; x_wconf 91' lang='lat' dir='ltr'><strong>hi</strong></span> <span class='ocrx_word' id='word_1_120' title='bbox 712 3034 990 3136; x_wconf 83' lang='lat' dir='ltr'><strong>¹characteres</strong></span> <span class='ocrx_word' id='word_1_121' title='bbox 1028 3031 1215 3119; x_wconf 87' lang='lat' dir='ltr'><strong>Sciaenis</strong></span> <span class='ocrx_word' id='word_1_122' title='bbox 1253 3035 1446 3118; x_wconf 87' lang='lat' dir='ltr'><strong>omnibus</strong></span> <span class='ocrx_word' id='word_1_123' title='bbox 1487 3068 1512 3118; x_wconf 85' lang='lat' dir='ltr'><strong>n</strong></span> <span class='ocrx_word' id='word_1_124' title='bbox 1545 3038 1764 3126; x_wconf 82' lang='lat' dir='ltr'><strong>Forslrnleo</strong></span> <span class='ocrx_word' id='word_1_125' title='bbox 1801 3068 1932 3157; x_wconf 82' lang='lat' dir='ltr'><strong>magno</strong></span> 
     </span>
    </p>

    <p class='ocr_par' dir='ltr' id='par_1_6' title="bbox 271 3160 1928 3305">
     <span class='ocr_line' id='line_1_17' title="bbox 271 3160 1928 3305; baseline 0.006 -36"><span class='ocrx_word' id='word_1_126' title='bbox 271 3214 446 3270; x_wconf 90' lang='lat' dir='ltr'><strong>numero</strong></span> <span class='ocrx_word' id='word_1_127' title='bbox 472 3184 518 3269; x_wconf 87' lang='lat' dir='ltr'><strong>in</strong></span> <span class='ocrx_word' id='word_1_128' title='bbox 546 3185 652 3271; x_wconf 88' lang='lat' dir='ltr'><strong>mari</strong></span> <span class='ocrx_word' id='word_1_129' title='bbox 679 3185 916 3300; x_wconf 82' lang='lat' dir='ltr'><strong>Erythraeo</strong></span> <span class='ocrx_word' id='word_1_130' title='bbox 944 3160 1174 3269; x_wconf 73' lang='lat' dir='ltr'><strong>obsecratis</strong></span> <span class='ocrx_word' id='word_1_131' title='bbox 1201 3182 1483 3271; x_wconf 76' lang='lat' dir='ltr'><strong>conveniant</strong></span> <span class='ocrx_word' id='word_1_132' title='bbox 1537 3192 1788 3279; x_wconf 81' lang='lat' dir='ltr'><strong>confirment</strong></span> <span class='ocrx_word' id='word_1_133' title='bbox 1814 3216 1928 3305; x_wconf 80' lang='lat' dir='ltr'><strong>autop</strong></span> 
     </span>
    </p>

    <p class='ocr_par' dir='ltr' id='par_1_7' title="bbox 271 3333 1927 3455">
     <span class='ocr_line' id='line_1_18' title="bbox 271 3333 1927 3455; baseline 0.002 -36"><span class='ocrx_word' id='word_1_134' title='bbox 271 3358 353 3420; x_wconf 87' lang='lat' dir='ltr'><strong>tae.</strong></span> <span class='ocrx_word' id='word_1_135' title='bbox 426 3338 584 3423; x_wconf 83' lang='lat' dir='ltr'><strong>Habitu</strong></span> <span class='ocrx_word' id='word_1_136' title='bbox 620 3336 703 3423; x_wconf 88' lang='lat' dir='ltr'><strong>hoc</strong></span> <span class='ocrx_word' id='word_1_137' title='bbox 731 3334 865 3455; x_wconf 77' lang='lat' dir='ltr'><strong>‘genus</strong></span> <span class='ocrx_word' id='word_1_138' title='bbox 903 3336 1013 3419; x_wconf 88' lang='lat' dir='ltr'><strong>inter</strong></span> <span class='ocrx_word' id='word_1_139' title='bbox 1049 3333 1363 3420; x_wconf 88' lang='lat' dir='ltr'><strong>Chaetodontes</strong></span> <span class='ocrx_word' id='word_1_140' title='bbox 1398 3359 1442 3420; x_wconf 89' lang='lat' dir='ltr'><strong>et</strong></span> <span class='ocrx_word' id='word_1_141' title='bbox 1479 3344 1626 3424; x_wconf 85' lang='lat' dir='ltr'><strong>Persas</strong></span> <span class='ocrx_word' id='word_1_142' title='bbox 1661 3340 1775 3429; x_wconf 88' lang='lat' dir='ltr'><strong>mihi</strong></span> <span class='ocrx_word' id='word_1_143' title='bbox 1813 3341 1927 3430; x_wconf 81' lang='lat' dir='ltr'><strong>metio</strong></span> 
     </span>
    </p>

    <p class='ocr_par' dir='ltr' id='par_1_8' title="bbox 271 3484 1849 3592">
     <span class='ocr_line' id='line_1_19' title="bbox 271 3484 1849 3592; baseline 0.006 -21"><span class='ocrx_word' id='word_1_144' title='bbox 271 3488 565 3574; x_wconf 88' lang='lat' dir='ltr'><strong>collocandum</strong></span> <span class='ocrx_word' id='word_1_145' title='bbox 594 3491 764 3576; x_wconf 77' lang='lat' dir='ltr'><strong>ridetur</strong></span> <span class='ocrx_word' id='word_1_146' title='bbox 776 3525 791 3592; x_wconf 64' lang='grc' dir='ltr'><strong><em>ς</em></strong></span> <span class='ocrx_word' id='word_1_147' title='bbox 817 3490 893 3574; x_wconf 89' lang='lat' dir='ltr'><strong>sed</strong></span> <span class='ocrx_word' id='word_1_148' title='bbox 906 3485 1028 3570; x_wconf 87' lang='lat' dir='ltr'><strong>&#39;nulli</strong></span> <span class='ocrx_word' id='word_1_149' title='bbox 1055 3484 1103 3569; x_wconf 91' lang='lat' dir='ltr'><strong>in</strong></span> <span class='ocrx_word' id='word_1_150' title='bbox 1130 3485 1282 3571; x_wconf 88' lang='lat' dir='ltr'><strong>nostris</strong></span> <span class='ocrx_word' id='word_1_151' title='bbox 1310 3487 1492 3575; x_wconf 85' lang='lat' dir='ltr'><strong>maribus</strong></span> <span class='ocrx_word' id='word_1_152' title='bbox 1518 3487 1849 3581; x_wconf 88' lang='lat' dir='ltr'><strong>Chaetodontes.</strong></span> 
     </span>
    </p>
   </div>
   <div class='ocr_carea' id='block_1_4' title="bbox 274 3738 1918 3922">
    <p class='ocr_par' dir='ltr' id='par_1_9' title="bbox 274 3738 1918 3922">
     <span class='ocr_line' id='line_1_20' title="bbox 274 3738 1918 3922; baseline 0.001 -35"><span class='ocrx_word' id='word_1_153' title='bbox 274 3801 388 3889; x_wconf 84' lang='lat'>181.</span> <span class='ocrx_word' id='word_1_154' title='bbox 427 3738 790 3898; x_wconf 71' lang='lat' dir='ltr'><strong>seranna</strong></span> <span class='ocrx_word' id='word_1_155' title='bbox 829 3802 1166 3922; x_wconf 77' lang='lat' dir='ltr'><strong>Gymnoaon.</strong></span> <span class='ocrx_word' id='word_1_156' title='bbox 1206 3804 1337 3894; x_wconf 69' lang='lat' dir='ltr'><strong>raa.</strong></span> <span class='ocrx_word' id='word_1_157' title='bbox 1375 3804 1447 3893; x_wconf 80' lang='lat' dir='ltr'><strong>rr</strong></span> <span class='ocrx_word' id='word_1_158' title='bbox 1477 3801 1561 3920; x_wconf 78' lang='lat' dir='ltr'><strong>fig.</strong></span> <span class='ocrx_word' id='word_1_159' title='bbox 1597 3831 1637 3896; x_wconf 88' lang='lat'><strong>1.</strong></span> <span class='ocrx_word' id='word_1_160' title='bbox 1667 3836 1715 3909; x_wconf 81' lang='lat'><strong>2.</strong></span> <span class='ocrx_word' id='word_1_161' title='bbox 1748 3819 1793 3903; x_wconf 82' lang='lat' dir='ltr'><strong>s.</strong></span> <span class='ocrx_word' id='word_1_162' title='bbox 1819 3804 1918 3900; x_wconf 70' lang='lat' dir='ltr'><strong>aa.</strong></span> 
     </span>
    </p>
   </div>
   <div class='ocr_carea' id='block_1_5' title="bbox 257 4072 1915 4942">
    <p class='ocr_par' dir='ltr' id='par_1_10' title="bbox 266 4072 1915 4340">
     <span class='ocr_line' id='line_1_21' title="bbox 402 4072 1915 4192; baseline 0.005 -39"><span class='ocrx_word' id='word_1_163' title='bbox 402 4072 468 4154; x_wconf 84' lang='lat' dir='ltr'><strong>Sc.</strong></span> <span class='ocrx_word' id='word_1_164' title='bbox 498 4073 697 4159; x_wconf 87' lang='lat' dir='ltr'><strong>dentibus</strong></span> <span class='ocrx_word' id='word_1_165' title='bbox 732 4074 936 4176; x_wconf 88' lang='lat' dir='ltr'><strong>exsertis,</strong></span> <span class='ocrx_word' id='word_1_166' title='bbox 976 4074 1118 4159; x_wconf 89' lang='lat' dir='ltr'><strong>lunula</strong></span> <span class='ocrx_word' id='word_1_167' title='bbox 1155 4073 1305 4161; x_wconf 84' lang='lat' dir='ltr'><strong>frontis</strong></span> <span class='ocrx_word' id='word_1_168' title='bbox 1345 4097 1566 4188; x_wconf 79' lang='lat' dir='ltr'><strong>argentea,</strong></span> <span class='ocrx_word' id='word_1_169' title='bbox 1606 4081 1789 4192; x_wconf 87' lang='lat' dir='ltr'><strong>squamis</strong></span> <span class='ocrx_word' id='word_1_170' title='bbox 1815 4078 1915 4164; x_wconf 78' lang='lat' dir='ltr'><strong>trita</strong></span> 
     </span>
     <span class='ocr_line' id='line_1_22' title="bbox 266 4219 1025 4340; baseline 0.009 -38"><span class='ocrx_word' id='word_1_171' title='bbox 266 4219 513 4306; x_wconf 82' lang='lat' dir='ltr'><strong>acuminatis</strong></span> <span class='ocrx_word' id='word_1_172' title='bbox 541 4228 594 4309; x_wconf 91' lang='lat' dir='ltr'><strong>ad</strong></span> <span class='ocrx_word' id='word_1_173' title='bbox 623 4226 775 4340; x_wconf 81' lang='lat' dir='ltr'><strong>pinnas</strong></span> <span class='ocrx_word' id='word_1_174' title='bbox 802 4226 1025 4309; x_wconf 83' lang='lat' dir='ltr'><strong>ventrales.</strong></span> 
     </span>
    </p>

    <p class='ocr_par' dir='ltr' id='par_1_11' title="bbox 430 4372 1708 4492">
     <span class='ocr_line' id='line_1_23' title="bbox 430 4372 1708 4492; baseline 0.004 -34"><span class='ocrx_word' id='word_1_175' title='bbox 430 4372 635 4458; x_wconf 79' lang='lat' dir='ltr'><strong>lSciaena</strong></span> <span class='ocrx_word' id='word_1_176' title='bbox 662 4375 969 4480; x_wconf 88' lang='lat' dir='ltr'><strong>unimaculata,</strong></span> <span class='ocrx_word' id='word_1_177' title='bbox 1000 4379 1088 4461; x_wconf 87' lang='lat' dir='ltr'><strong>Lin.</strong></span> <span class='ocrx_word' id='word_1_178' title='bbox 1116 4396 1219 4486; x_wconf 84' lang='lat' dir='ltr'><strong>syst.</strong></span> <span class='ocrx_word' id='word_1_179' title='bbox 1249 4377 1347 4462; x_wconf 83' lang='lat' dir='ltr'><strong><em>XII.</em></strong></span> <span class='ocrx_word' id='word_1_180' title='bbox 1376 4410 1419 4492; x_wconf 88' lang='lat' dir='ltr'><strong>p.</strong></span> <span class='ocrx_word' id='word_1_181' title='bbox 1447 4391 1540 4482; x_wconf 74' lang='lat'><strong>480.</strong></span> <span class='ocrx_word' id='word_1_182' title='bbox 1573 4412 1633 4492; x_wconf 85' lang='lat' dir='ltr'><strong>sp.</strong></span> <span class='ocrx_word' id='word_1_183' title='bbox 1670 4392 1708 4464; x_wconf 88' lang='grc'><strong>3.</strong></span> 
     </span>
    </p>

    <p class='ocr_par' dir='ltr' id='par_1_12' title="bbox 257 4511 1905 4942">
     <span class='ocr_line' id='line_1_24' title="bbox 400 4511 1905 4642; baseline 0 -35"><span class='ocrx_word' id='word_1_184' title='bbox 400 4521 524 4608; x_wconf 87' lang='lat' dir='ltr'><strong>Circa</strong></span> <span class='ocrx_word' id='word_1_185' title='bbox 562 4553 732 4608; x_wconf 89' lang='lat' dir='ltr'><strong>omnem</strong></span> <span class='ocrx_word' id='word_1_186' title='bbox 767 4511 1076 4612; x_wconf 86' lang='lat' dir='ltr'><strong>Cbersonesum</strong></span> <span class='ocrx_word' id='word_1_187' title='bbox 1112 4526 1341 4633; x_wconf 86' lang='lat' dir='ltr'><strong>tauricam,</strong></span> <span class='ocrx_word' id='word_1_188' title='bbox 1384 4561 1407 4613; x_wconf 90' lang='lat' dir='ltr'><strong>a</strong></span> <span class='ocrx_word' id='word_1_189' title='bbox 1444 4529 1583 4642; x_wconf 86' lang='lat' dir='ltr'><strong>primo</strong></span> <span class='ocrx_word' id='word_1_190' title='bbox 1611 4561 1736 4634; x_wconf 86' lang='lat' dir='ltr'><strong>vere,</strong></span> <span class='ocrx_word' id='word_1_191' title='bbox 1773 4524 1905 4642; x_wconf 77' lang='lat' dir='ltr'><strong>copisa</strong></span> 
     </span>
     <span class='ocr_line' id='line_1_25' title="bbox 257 4666 1903 4796; baseline 0.002 -37"><span class='ocrx_word' id='word_1_192' title='bbox 257 4674 369 4759; x_wconf 88' lang='lat' dir='ltr'><strong>inter</strong></span> <span class='ocrx_word' id='word_1_193' title='bbox 397 4672 554 4759; x_wconf 88' lang='lat' dir='ltr'><strong>Mullos</strong></span> <span class='ocrx_word' id='word_1_194' title='bbox 580 4697 624 4759; x_wconf 90' lang='lat' dir='ltr'><strong>et</strong></span> <span class='ocrx_word' id='word_1_195' title='bbox 654 4676 854 4761; x_wconf 88' lang='lat' dir='ltr'><strong>Blennios</strong></span> <span class='ocrx_word' id='word_1_196' title='bbox 881 4676 1069 4791; x_wconf 85' lang='lat' dir='ltr'><strong>capitur,</strong></span> <span class='ocrx_word' id='word_1_197' title='bbox 1113 4679 1318 4762; x_wconf 85' lang='lat' dir='ltr'><strong>dodrante</strong></span> <span class='ocrx_word' id='word_1_198' title='bbox 1346 4677 1460 4764; x_wconf 87' lang='lat' dir='ltr'><strong>baud</strong></span> <span class='ocrx_word' id='word_1_199' title='bbox 1488 4688 1645 4792; x_wconf 82' lang='lat' dir='ltr'><strong>major,</strong></span> <span class='ocrx_word' id='word_1_200' title='bbox 1687 4713 1762 4796; x_wconf 90' lang='lat' dir='ltr'><strong>pro</strong></span> <span class='ocrx_word' id='word_1_201' title='bbox 1786 4666 1903 4765; x_wconf 72' lang='lat' dir='ltr'><strong>mansit</strong></span> 
     </span>
     <span class='ocr_line' id='line_1_26' title="bbox 259 4824 1552 4942; baseline 0.005 -31"><span class='ocrx_word' id='word_1_202' title='bbox 259 4824 479 4934; x_wconf 83' lang='lat' dir='ltr'><strong>adhibita,</strong></span> <span class='ocrx_word' id='word_1_203' title='bbox 508 4824 849 4942; x_wconf 82' lang='lat' dir='ltr'><strong>splendidissima</strong></span> <span class='ocrx_word' id='word_1_204' title='bbox 878 4856 1006 4942; x_wconf 90' lang='lat' dir='ltr'><strong>quum</strong></span> <span class='ocrx_word' id='word_1_205' title='bbox 1035 4826 1132 4914; x_wconf 77' lang='lat' dir='ltr'><strong>riva</strong></span> <span class='ocrx_word' id='word_1_206' title='bbox 1162 4827 1321 4916; x_wconf 85' lang='lat' dir='ltr'><strong>retibus</strong></span> <span class='ocrx_word' id='word_1_207' title='bbox 1348 4830 1552 4918; x_wconf 86' lang='lat' dir='ltr'><strong>educitur.</strong></span> 
     </span>
    </p>
   </div>
   <div class='ocr_carea' id='block_1_6' title="bbox 0 0 2206 5897">
    <p class='ocr_par' dir='ltr' id='par_1_13' title="bbox 0 0 2206 5897">
     <span class='ocr_line' id='line_1_27' title="bbox 0 0 2206 5897; baseline 0 0"><span class='ocrx_word' id='word_1_208' title='bbox 0 0 2206 5897; x_wconf 95' lang='lat' dir='ltr'><strong> </strong></span> 
     </span>
    </p>
   </div>
  </div>
 </body>
</html>
