4404 5902
260 394 358 529 lud
1038 400 1192 481 -ιε

261 620 424 733 capite,
464 623 946 729 muricum-radiantia,
997 626 1287 742 copiosissima
1315 622 1362 710 in
1395 626 1530 713 latere
1559 624 1699 729 fusco,
1744 621 1798 709 in
1826 622 1968 709 aud·

261 773 415 858 sensim
447 774 617 861 minora.
649 782 779 863 Pinna
806 779 917 863 dorsi
945 782 998 865 ad
1027 781 1183 866 orbitas
1212 777 1441 896 incipiens,
1473 778 1686 866 radiorum
1714 792 1771 865 56
1803 776 1859 860 ad
1889 808 1961 881 59.

263 935 332 1009 cui
360 930 447 1013 rad.
479 946 532 1038 37
561 933 613 1014 ad
642 948 708 1035 44.
740 953 916 1044 rutraque
945 935 1196 1030 subserrats,
1229 963 1337 1049 pone
1368 932 1557 1019 medium
1587 932 1813 1032 latescens,
1844 927 1963 1011 unde

265 1081 395 1164 forma
423 1081 552 1196 piscis
579 1083 875 1169 rhomboidea.
907 1087 1087 1172 Aculeus
1115 1110 1213 1170 ante
1241 1116 1365 1171 anum
1392 1083 1467 1170 vix
1492 1083 1772 1201 prominulus,
1803 1100 1964 1165 antror-

264 1261 353 1316 sum
381 1236 581 1320 directus.
639 1242 688 1321 In
728 1235 979 1348 quibusdam
1020 1240 1237 1324 tubercula
1276 1268 1415 1354 sparsa
1459 1234 1665 1323 muricata
1707 1232 1879 1350 aliquot
1915 1233 1960 1319 iu

263 1384 471 1470 anteriore
499 1412 618 1502 parte
647 1387 778 1506 ipsius
804 1388 974 1503 pinnae.
1042 1399 1086 1476 P.
1117 1400 1343 1506 pectorales
1369 1419 1548 1505 parvae,
1589 1385 1958 1473 duodecimradis·

260 1558 355 1641 tae,
397 1539 488 1624 basi
516 1541 769 1643 muricatae;
810 1551 1011 1629 uentrules
1040 1572 1161 1628 acuto
1189 1541 1477 1645 sexradiatae,
1520 1526 1673 1626 mediis
1700 1537 1835 1623 radiis
1864 1537 1954 1623 lon·

262 1686 463 1801 gioribus.
524 1697 672 1780 Cuudu
699 1697 810 1796 lata,
840 1694 1052 1809 aequalis,
1081 1697 1209 1782 radiis
1238 1694 1445 1792 robustis,
1480 1691 1624 1779 bifidis
1657 1709 1720 1797 ¹4·
1753 1713 1800 1776 et
1826 1686 1954 1775 uttin-

261 1869 344 1953 que
373 1845 645 1931 adminiculis
671 1868 711 1953 4.
748 1845 839 1933 basi
881 1850 1110 1932 tuberculis
1150 1849 1308 1938 crebris
1346 1849 1561 1937 muricata·
1618 1847 1746 1933 Color
1772 1843 1951 1960 piscis·

258 1996 411 2080 dextro
438 1998 573 2084 latere
598 2001 976 2115 olivaceo-fuscus,
1006 2035 1028 2086 a
1058 2002 1226 2087 sinistro
1255 2006 1403 2102 albus3
1430 1998 1585 2118 pinnae
1619 1996 1948 2112 longitudinales

259 2167 304 2230 et
333 2150 465 2233 cauda
497 2152 638 2237 fasciis
664 2152 795 2266 nigris
824 2154 944 2258 latis,-
985 2154 1199 2241 radiorum
1226 2155 1471 2272 parallelis,
1512 2155 1673 2239 alterne
1708 2146 1943 2257 distinctae,

260 2301 374 2385 unde
401 2304 622 2420 adspectus
657 2307 786 2423 piscis
821 2311 1004 2421 elegans.
1061 2310 1293 2421 longitudo
1329 2307 1376 2391 in
1412 2305 1609 2394 maximis
1649 2338 1664 2385 r
1696 2299 1824 2418 pedis
1857 2330 1946 2385 curn

258 2451 460 2568 9pollic.
491 2458 559 2543 vel
586 2459 674 2543 lere
704 2458 943 2577 bipedalis,
994 2461 1194 2576 descripti
1232 2465 1273 2545 ι’.
1305 2466 1364 2547 3⁰.
1400 2460 1488 2546 rom.
1518 2455 1671 2573 capitis
1699 2459 1754 2540 ad
1782 2482 1943 2570 operere

259 2602 396 2693 lorum
424 2610 623 2725 angulum
650 2611 710 2716 4⁰.
740 2619 807 2717 4”.
853 2619 1011 2700 caudae
1044 2623 1094 2697 α’.
1133 2613 1219 2698 ιο”’.
1263 2613 1462 2698 distantia
1497 2612 1652 2729 pinnae
1686 2608 1806 2694 dorsi
1840 2630 1942 2692 aru

260 2778 349 2846 stro
385 2757 438 2844 ι”.
468 2765 535 2849 δ”.
575 2765 732 2880 pinnae
763 2765 832 2850 ani
863 2776 922 2852 δ”.
955 2765 1019 2851 2''.
1063 2766 1245 2852 latitudo
1286 2765 1473 2882 corporis
1500 2794 1661 2849 summa
1689 2763 1786 2847 sine
1814 2755 1943 2878 pinnis

253 2908 318 3032 ⁸7⁹.
338 2906 396 2997 rm.
410 2942 507 2999 cun
523 2914 678 3030 pinnis,
709 2917 780 3000 ubi
795 2918 1027 3004 latissimae
1041 2921 1098 3026 9⁰.
1110 2896 1180 3006 ’5”.
1194 2919 1344 3032 longit.
1361 2915 1581 3033 pinnamrn
1596 2915 1879 3031 pastoralium
1890 2916 1939 2998 α’.

259 3065 514 3151 ventralium
547 3072 601 3151 1⁸.
633 3070 703 3153 5'''.
760 3072 992 3157 Auutonre:
1048 3074 1133 3194 Cor
1158 3069 1383 3187 exiguum,
1420 3068 1512 3155 basi
1537 3071 1790 3173 cordatum,
1833 3062 1941 3183 apios

259 3244 403 3303 versare
441 3218 664 3307 branchias
700 3223 899 3307 emittens
939 3246 1112 3309 aortam.
1173 3227 1313 3343 Hepcr
1352 3208 1619 3325 indivisum:
1654 3220 1940 3311 rubicundum,

258 3371 384 3455 valde
414 3376 720 3475 verminosurn,
752 3376 910 3485 postica
938 3379 1023 3460 lata
1050 3377 1321 3462 extremitate
1347 3378 1629 3475 rotundatum,
1662 3373 1849 3457 anterius
1876 3368 1940 3452 sb

259 3518 497 3612 ventriculo
527 3532 820 3631 adtenuatum,
863 3531 936 3613 ubi
975 3561 1070 3611 vasa
1100 3529 1266 3644 recipit.
1324 3532 1579 3615 Ventriculus
1608 3528 1711 3609 satis
1741 3531 1879 3609 firmus
1903 3542 1936 3603 ct

258 3701 419 3787 capax,
458 3679 738 3765 sinistrorsum
778 3684 830 3765 ad
871 3680 1119 3764 intestinum
1158 3685 1382 3785 reflexum,
1429 3685 1543 3793 qud
1573 3680 1635 3764 ibi
1668 3675 1935 3764 ventriculi-n

260 3830 379 3940 quassi
408 3834 474 3917 ala
500 3835 784 3947 amplectitur.
856 3837 1033 3947 Pylonis
1061 3837 1177 3919 velut
1208 3835 1372 3919 vulvula
1403 3835 1577 3920 clausus.
1636 3837 1834 3918 Intestina
1864 3856 1934 3909 om·

258 3979 328 4065 nia
357 4014 517 4088 crassa,
547 3985 670 4070 valde
698 3985 868 4100 capacia
886 4020 908 4088 ,·
926 3987 1044 4070 tenui
1069 4010 1210 4071 tamen
1240 4011 1452 4102 utcunque
1485 3984 1715 4089 distincta,
1758 3982 1932 4066 universa

258 4135 310 4216 ad
339 4154 390 4238 42
421 4138 600 4251 pollices
629 4140 777 4252 longa.
823 4142 1074 4223 mesenterio
1117 4141 1335 4223 vasculoso
1370 4141 1416 4225 in
1445 4161 1528 4222 tres
1557 4137 1693 4253 spiras
1720 4160 1930 4222 contrusa,

258 4288 419 4400 repleta
449 4290 688 4403 conchyliis
715 4317 757 4376 et
788 4296 1046 4404 Mytulorcm
1077 4297 1194 4376 testis
1222 4293 1362 4396 tantis,
1393 4314 1440 4376 ut
1470 4290 1622 4375 mirum
1652 4290 1709 4373 sit
1738 4284 1929 4403 quomodo

257 4465 334 4551 per
357 4471 402 4524 os
421 4441 669 4528 intraverint
690 4469 730 4528 et
754 4445 952 4529 inte-tina
973 4477 1055 4527 non
1078 4447 1323 4547 dilacerent,
1352 4446 1397 4529 in
1424 4445 1576 4559 quibus
1590 4446 1767 4528 tandem
1784 4434 1927 4554 pinitus

258 4618 460 4678 concocta
489 4595 533 4681 in
564 4594 763 4712 chymum
812 4598 1078 4682 flavicantem
1128 4601 1407 4683 resolvuntur.
1469 4601 1757 4682 Peritorzocrm
1793 4596 1924 4681 albon»

256 4742 377 4854 nigro
404 4773 664 4859 punctatum.
718 4756 814 4836 Lien
842 4755 1064 4856 brunneus,
1097 4753 1211 4837 mole
1226 4750 1345 4835 nucis
1373 4750 1606 4835 avellanae.
1649 4753 1795 4861 Cystis
1822 4745 1924 4829 selle!

257 4894 371 4979 mole
397 4902 605 5011 juglandis
635 4907 837 5001 minoris5
893 4907 1039 4989 ductus
1072 4902 1363 4991 choledochus
1398 4890 1495 4989 cuni
1522 4903 1797 5018 paucreatico
1821 4888 1923 4981 simul
