4404 5902
267 382 330 471 30
1030 387 1180 447 εει

270 590 495 707 parandae.
550 592 678 677 Anne
705 610 802 676 sunt
828 584 912 675 bae
937 589 1117 679 Lacerta
1144 586 1326 706 vulgaris
1352 593 1443 680 Lin.
1472 611 1577 709 syat.
1604 593 1704 680 ΧΠ.
1731 594 1766 681 Ι.
1794 626 1837 714 p.
1865 607 1961 709 370.

268 771 309 827 n.
368 755 422 828 a?
1681 757 1684 763 ’

337 759 365 850 4
404 899 450 981 N
457 918 519 984 ot.
573 902 749 985 Lacerta
775 899 822 984 in
850 923 1004 1012 genere
1030 895 1198 984 Tataris
1225 899 1569 988 Abacanensibus
1601 903 1834 988 Kolerslsoe.
1893 903 1965 984 Sa·

268 1046 449 1158 mojedis
477 1051 636 1145 Fassr'a‘3
690 1048 907 1166 Taiginzis
948 1050 1176 1136 Taanscbe.
1246 1051 1414 1138 Arinzis
1459 1056 1697 1167 Tunungae.
1770 1050 1966 1138 Buraetia

264 1199 501 1289 Gucmerae.
562 1210 602 1291 T
604 1200 773 1320 ungusis
795 1207 984 1290 lachella.
1044 1201 1381 1293 Camtachadalia
1408 1206 1759 1293 Scbudrclrudsc'b.

669 1478 753 1568 25.
827 1474 1235 1570 LACERTA
1315 1482 1553 1569 taurica.

294 1664 310 1695 ⁸
405 1664 454 1745 L.
479 1663 613 1748 cauda
642 1660 890 1776 longissima
918 1663 1195 1763 verticillata,
1224 1665 1347 1750 dorso
1374 1661 1547 1751 fasciato
1577 1661 1786 1748 maculato
1815 1659 1968 1749 medio

267 1808 415 1918 viridi,
446 1837 592 1899 ventre
620 1815 801 1901 loricato
828 1816 961 1905 fulvo.

373 1964 539 2052 Tataris
566 1972 801 2056 lersertlroc.

405 2125 457 2204 In
486 2117 745 2235 rupestribus
774 2121 1079 2207 ardentissimis
1106 2123 1513 2240 orae1meridionalis
1540 2145 1757 2207 montosae
1775 2119 1968 2206 Tauriae

264 2267 370 2354 olim
397 2269 557 2385 ubique
586 2271 941 2384 frequentissima,
970 2277 1045 2358 sed
1073 2306 1185 2361 nunc
1216 2300 1313 2392 post
1337 2275 1514 2361 triennii
1542 2297 1718 2359 aestates
1747 2271 1970 2389 pluviosas

265 2441 310 2504 et
337 2419 511 2536 frigidas
540 2429 765 2537 (annorum
797 2437 898 2512 1803
928 2477 979 2493 -
1016 2436 1153 2542 1805.)
1181 2460 1271 2513 rara
1300 2431 1423 2514 facta.
1479 2427 1621 2512 Etiam
1648 2429 1703 2510 ad
1726 2427 1971 2512 Caucasum

265 2548 510 2674 observata,
565 2606 689 2661 cursu
728 2574 1018 2682 velocissima,
1076 2600 1124 2663 ut
1164 2580 1341 2694 sagittae
1370 2584 1422 2665 ab
1451 2611 1549 2665 arcu
1576 2578 1775 2693 explosae
1806 2576 1971 2662 similis

265 2726 446 2833 feratur,
475 2750 521 2813 et
549 2727 624 2812 vix
652 2728 848 2814 videatur
873 2729 1053 2844 pedibus
1081 2729 1158 2816 uti.
1216 2737 1415 2818 Latebras
1443 2732 1553 2817 inter
1579 2762 1700 2832 saxa,
1730 2727 1777 2812 in
1807 2726 1972 2814 fissuris

267 2881 437 2994 rupium
481 2903 527 2966 et
566 2878 775 2968 cuniculis
817 2879 999 2966 murium
1043 2881 1259 2968 derelictis
1298 2883 1489 3001 quaerit,
1544 2886 1621 2969 sed
1647 2879 1787 2998 primo
1816 2881 1974 2967 statim

265 3060 365 3118 vere
393 3056 590 3149 apparet,
629 3034 676 3119 in
704 3066 843 3119 serum
870 3020 1001 3146 usque
1030 3056 1276 3121 autumnum
1303 3034 1439 3152 agilis.
1495 3034 1638 3120 Primo
1667 3060 1778 3118 anno
1812 3058 1975 3120 ventre

261 3181 337 3272 vix
363 3185 583 3285 flavescit3
652 3189 822 3273 adultae
851 3217 1000 3272 omnes
1027 3191 1170 3272 subtus
1197 3185 1468 3272 fulvissimae.
1524 3184 1771 3300 Fragilitate
1802 3190 1975 3272 caudae

263 3368 361 3460 cum
389 3344 438 3425 L.
469 3370 680 3458 europaea
720 3337 925 3427 convenit
963 3361 1010 3424 et
1050 3342 1337 3427 detruncatam
1371 3339 1605 3455 appendice
1630 3337 1973 3425 lumbriciformi

260 3493 418 3582 sensim
446 3494 598 3582 reficit.

405 3649 587 3734 Descr.
617 3649 853 3736 Persimilis
881 3657 932 3737 L.
960 3679 1210 3765 canopaeac,
1242 3651 1317 3733 sed
1346 3647 1564 3763 gracilior,
1592 3648 1725 3732 cauda
1753 3643 1972 3761 longiore.

261 3804 401 3918 Capra
428 3799 593 3902 simile,
621 3803 698 3886 aed
727 3802 934 3918 argutius,
964 3800 1103 3886 livido
1116 3852 1130 3865 ·
1144 3827 1361 3913 gryseum,
1387 3802 1536 3885 subtus
1564 3798 1727 3902 album,
1756 3795 1972 3883 lateribus

259 3955 379 4041 fusco
393 4006 407 4021 ·
423 3953 696 4039 maculatum.
770 3958 939 4040 Collorc
980 3951 1145 4065 insigne
1186 3982 1211 4035 e
1252 3951 1433 4066 squamis
1472 3973 1572 4036 octo
1598 3951 1671 4034 vel
1697 3987 1739 4062 7.
1813 3953 1972 4037 Venter

258 4106 531 4224 quadruplici
555 4104 710 4192 ordine
739 4134 1008 4220 squamarum
1033 4101 1256 4201 loricatus,
1315 4102 1460 4188 medio
1488 4100 1862 4214 longitudinaliter
1890 4101 1976 4186 ful·

253 4290 352 4367 vus,
394 4259 596 4375 utrinque
635 4256 806 4374 punctis
861 4254 996 4369 nigris
1033 4254 1222 4370 stipatus.
1290 4257 1426 4369 Supra
1452 4284 1602 4368 corpus
1631 4283 1854 4369 gryseum,
1895 4257 1976 4343 vel

256 4415 409 4529 glauco
422 4462 437 4481 .
450 4411 695 4514 cinereum,
726 4407 858 4495 fascia
885 4439 911 4491 a
939 4405 1109 4490 cervice
1136 4403 1332 4519 utrinque
1357 4403 1521 4521 triplici
1545 4407 1756 4508 olivacea,
1786 4408 1975 4495 maculis

264 4563 600 4650 multiformibus
626 4558 762 4674 nigris
791 4579 1087 4657 concatenata,
1143 4588 1317 4671 quarum
1344 4558 1504 4674 duplex
1537 4557 1687 4662 series,
1743 4562 1975 4675 usquead

258 4713 487 4801 dimidiam
513 4717 676 4802 caudae
705 4707 1035 4822 longitudinem,
1065 4707 1345 4795 continuatur.
1401 4709 1595 4798 Medium
1624 4711 1739 4795 dorsi
1768 4712 1982 4801 interval·

259 4864 352 4959 lum
379 4868 524 4960 antica
550 4884 800 4981 camparte
830 4855 1036 4968 cervicis,
1079 4860 1386 4952 viridissimam.
1452 4866 1626 4952 femora
1654 4865 1802 4952 subtus
1830 4889 1985 4954 sutura
