4404 5902
621 604 798 687 Lacerta
827 593 981 703 surita,
1031 597 1724 717 Pazl.tan.111.p.7os.n.ss
1751 600 1838 691 tab
1866 603 1917 691 V.
1935 602 2021 719 fig.
2057 637 2094 693 ι.

681 757 812 839 Gmel.
839 771 944 865 syst.
971 754 1064 835 Lan.
1090 753 1167 834 III.
1196 782 1239 865 p.
1274 764 1390 860 ¹⁰73·

545 909 595 989 In
621 903 824 992 sabuletis
852 901 1098 988 aridissimis
1127 899 1331 1018 Caspicae
1356 898 1565 1018 regionis,
1605 938 1647 995 r.
1675 935 1737 1022 gr.
1763 906 1913 993 salian
1941 927 2094 1010 murat,

405 1057 570 1170 Narym
608 1080 654 1144 et
693 1062 803 1143 llum
842 1052 956 1140 iuter
994 1056 1177 1168 Volgum
1214 1076 1263 1138 aa
1289 1053 1408 1155 Jaik,
1460 1054 1574 1142 inter
1598 1059 1780 1146 Cumam
1806 1080 1854 1146 et
1880 1059 2021 1144 Terek
2046 1059 2093 1144 fl.

404 1209 596 1294 Ankstar
621 1207 767 1314 dictis,
819 1205 919 1293 satis
947 1192 1141 1320 frequens
1168 1203 1348 1310 habitat,
1377 1235 1501 1292 arena
1530 1207 1697 1295 volatili
1724 1232 1769 1295 et
1796 1208 2095 1297 ardentissimo

407 1355 497 1442 sole
524 1362 723 1475 gaudens.
799 1355 1180 1474 Appropinquante
1220 1354 1398 1443 homine
1439 1357 1573 1474 plicas
1614 1361 1731 1446 laxas
1760 1360 2031 1460 auriformes,
2070 1392 2097 1446 a

405 1505 518 1594 rictu
558 1511 757 1628 utrinque
795 1512 1051 1626 pendentes,
1091 1510 1254 1594 suffuso
1280 1507 1485 1624 sanguine
1512 1508 1561 1597 in
1588 1509 1932 1597 semidiscoideas
1960 1511 2096 1597 alulas

405 1662 611 1777 expandit
639 1685 683 1747 et
710 1664 807 1778 fuga
835 1659 934 1747 satis
961 1658 1086 1774 agilis
1112 1689 1157 1745 se
1186 1661 1396 1746 subducit.

541 1815 719 1900 Dascr.
776 1819 928 1899 Forma
969 1832 1015 1895 et
1054 1811 1302 1926 magnitudo
1343 1810 1584 1918 Gekkonis,
1640 1837 1689 1901 et
1728 1816 1840 1901 male
1882 1789 2001 1924 (cum
2041 1820 2096 1903 Ι..

401 1965 654 2082 laelioscopa)
684 1968 914 2052 Gmalino
942 1963 996 2047 ad
1024 1965 1152 2078 Sepes
1180 1995 1255 2049 seu
1282 1963 1484 2049 Ameivas
1511 1966 1659 2051 relata.
1727 1970 1865 2084 Caput
1891 1988 2095 2072 retusum,

399 2145 521 2229 supra
547 2115 879 2232 planiusculum‚
924 2113 1094 2198 naribus
1121 2112 1168 2198 in
1196 2117 1347 2201 fronte.
1417 2117 1577 2230 Auguli
1604 2117 1732 2203 rictus
1764 2115 1848 2204 oris
1877 2140 1922 2203 et
1948 2145 2098 2231 margo

399 2264 618 2382 proximus
645 2266 862 2385 utriusque
891 2264 1093 2351 maxillae
1122 2265 1320 2382 producti
1346 2264 1393 2350 in
1428 2270 1737 2373 membranam,
1794 2270 1923 2385 vulgo
1952 2269 2098 2383 dupli-

400 2418 784 2534 cato-pendulam,
838 2417 990 2504 sedin
1018 2393 1135 2503 vivo
1151 2417 1332 2503 animale
1361 2417 1563 2533 sanguine
1600 2419 1887 2526 dilatabilem,
1940 2419 1990 2506 in
2015 2431 2099 2508 cn·-

400 2590 510 2657 stam
540 2569 738 2687 mrinque
765 2569 1094 2676 horizontem,
1152 2545 1530 2676 semicirculum,
1580 2601 1705 2688 supra
1733 2571 1961 2689 squamulis
1989 2603 2100 2689 pun·

400 2747 558 2811 statam
582 2745 630 2810 et
656 2724 845 2839 margine
874 2719 1101 2808 denticulis
1129 2724 1418 2808 subserratam.
1488 2725 1705 2812 Parotidas
1730 2725 1928 2840 utrinque
1956 2753 2102 2811 versu·

399 2874 463 2961 cis
492 2873 703 2962 achinatis
731 2875 979 2979 muricatae,
1036 2873 1179 2989 quales
1206 2873 1336 2958 etiam
1367 2872 1549 2988 aliquot,
1608 2878 1663 2961 ad
1689 2874 1900 2963 humeros.
1969 2877 2102 2964 Oculi

401 3030 479 3114 sub
506 3027 711 3115 muricato
743 3035 964 3143 supercilio
998 3055 1072 3111 seu
1106 3025 1358 3140 suggrundio
1394 3023 1602 3142 depressi,
1659 3030 1867 3147 palpebris
1905 3027 2102 3143 margine

399 3179 641 3266 crenulatis.
692 3183 830 3267 Nares
856 3180 903 3264 in
932 3181 1071 3265 fronte
1102 3175 1389 3293 prominulae,
1449 3181 1667 3265 rotundae.
1724 3183 1902 3267 Aurium
1930 3203 2104 3296 apertu·

399 3361 471 3421 rae
497 3363 584 3418 non
611 3328 876 3447 conspicuae.
935 3334 1089 3417 Dentes
1117 3327 1163 3413 in
1192 3358 1264 3413 ore
1293 3327 1457 3433 conici,
1501 3329 1705 3417 distantes
1732 3331 1778 3416 in
1806 3354 1982 3447 utraque
2010 3364 2102 3418 ma·
2173 3356 2180 3375 '

301 3504 306 3513 '
402 3487 529 3592 xilla,
572 3483 703 3571 antici
733 3487 817 3570 duo
846 3489 1046 3596 majores,
1103 3481 1213 3567 inter
1240 3508 1283 3562 se
1313 3478 1448 3593 magis
1476 3479 1691 3566 distantes.
1758 3486 1926 3568 Collum
1951 3485 2101 3570 subtus

398 3648 511 3759 plico
536 3662 770 3724 transversa
796 3635 1054 3749 subgemina.
1105 3640 1265 3752 Corpus
1298 3630 1679 3737 subventricosum,
1711 3632 2100 3749 depressiusculum

400 3816 450 3882 ut
474 3790 521 3876 iu
549 3790 848 3886 antecedente,
905 3808 1044 3872 totum
1070 3797 1253 3904 squamis
1281 3783 1457 3871 minutis
1484 3782 1758 3899 papillaribus
1787 3782 1919 3869 acutis
1943 3816 2100 3900 granu·

397 3942 555 4047 latum,
611 3970 719 4056 quae
764 3945 940 4053 majores
983 3960 1027 4023 et
1068 3937 1422 4054 prominentiores
1462 3936 1507 4021 in
1549 3935 1740 4052 pedibus.
1812 3937 1962 4022 cauda
2002 3936 2101 4023 basi

396 4126 533 4183 crassa
573 4096 784 4209 depressa,
842 4090 948 4177 hinc
1003 4094 1248 4191 adtenuata,
1302 4088 1433 4173 instar
1471 4087 1660 4202 corporis
1701 4089 1962 4202 sqamulosa,
2021 4091 2102 4175 sed

394 4270 532 4338 tractu
557 4246 725 4332 laterali
753 4274 831 4360 per
855 4240 993 4359 longit
1007 4243 1167 4328 rdinem
1194 4240 1375 4354 squamis
1428 4238 1830 4353 prominentioribus
1857 4259 1902 4322 et
1927 4238 2101 4352 majori·

394 4404 474 4489 bus
503 4400 723 4485 muricato.
781 4398 943 4480 Pedum
971 4399 1096 4509 digiti
1123 4391 1361 4506 unguiculis
1388 4389 1546 4502 longis,
1598 4388 1827 4495 subulatis,
1872 4388 2098 4495 tenuibus3

401 4549 645 4638 mediorum
671 4551 754 4637 duo
781 4549 1004 4663 utrinque,
1053 4555 1220 4630 interior
1243 4563 1409 4626 tantum
1438 4539 1561 4644 hinc,
1617 4540 1844 4656 squamulis
1870 4541 2102 4657 pectinati,

398 4711 547 4797 extimi
572 4703 658 4788 duo
684 4701 912 4819 simplices,
941 4696 1183 4796 breviores,
1210 4693 1256 4778 in
1285 4691 1440 4807 plantis
1469 4689 1704 4777 mediorum
1732 4702 1910 4780 estimas
1938 4692 2100 4809 longis·

392 4850 538 4945 simus.
614 4857 743 4946 Color
783 4884 908 4969 supra
948 4849 1120 4941 cinereo
1137 4897 1151 4913 ·
1166 4845 1425 4964 pallescente
1465 4842 1709 4949 nebulosus,
1749 4844 1918 4961 punctis
1975 4844 2110 4934 fuscis
