4404 5902
1024 261 1168 304 ma:
1844 240 1949 351 285,

323 518 444 587 noo.
476 489 840 582 ‹LABRAX'
863 483 1302 616 ortogrammus.
1326 487 1456 579 TAB.
1495 488 1660 582 LXIV.
1689 487 1774 610 fig.
1813 516 1861 586 1.

391 772 439 851 L.
474 747 617 877 pinnis
657 764 888 849 dorsalibus
929 759 1245 860 subcontiuuia,
1275 760 1430 854 suturis
1471 759 1668 878 utrinqne
1706 763 1931 883 quaternis,

247 945 428 1032 corpore
454 915 680 1000 confertim
708 938 882 1030 guttato.

391 1068 514 1152 Crrca
527 1063 881 1168 Camtschatcam,
908 1069 964 1150 ad
984 1066 1103 1151 littus
1122 1067 1368 1180 praesertim
1383 1065 1603 1174 orientale,
1633 1065 1932 1157 inAvatscbaa

251 1215 346 1313 sinu
374 1238 419 1300 et
445 1239 569 1330 portu
597 1220 667 1300 SS.
696 1217 880 1302 Petriet
908 1217 1052 1318 Pauli,
1095 1249 1175 1303 nec
1210 1218 1347 1303 minus
1383 1219 1495 1304 cirea
1522 1217 1740 1303 Al'euticas
1776 1218 1934 1305 insulas

248 1365 425 1482 copiose
454 1365 658 1480 capitur,
685 1367 826 1451 Rossie
860 1366 954 1470 ibi,
994 1371 1052 1453 ob
1088 1367 1357 1481 asperitatem
1390 1398 1681 1484 squamarum,
1724 1399 1857 1483 aeque
1884 1399 1935 1457 ac

250 1549 455 1634 sequens,
494 1516 664 1602 nornine
697 1519 887 1631 Terpugh
916 1516 974 1626 (i.
1002 1552 1038 1604 e.
1069 1517 1213 1626 Lima)
1244 1521 1411 1604 donata.
1466 1519 1535 1602 Ab
1563 1517 1731 1603 Aleutis
1758 1518 1935 1635 ldgajuk

253 1668 503 1786 appellatur.
558 1666 797 1782 specimina
823 1667 1025 1781 plurima,
1058 1669 1196 1756 variae
1226 1665 1548 1785 magnitudinis,
1578 1669 1741 1786 optime
1771 1697 1952 1756 conset-.-

254 1839 352 1903 rata
377 1817 525 1930 accepi
551 1850 578 1902 a
606 1852 646 1933 p.
676 1851 731 1904 m.
759 1821 816 1903 D.
847 1822 976 1906 Meris.
1177 1835 1181 1843 '

301 2041 306 2049 .
391 1968 561 2052 Descr.
629 1968 864 2054 Maximum
906 2001 1095 2057 meorum
1138 1970 1420 2088 speciminum
1459 1995 1612 2088 aequat
1656 1986 1703 2060 r‘.
1743 1987 1810 2062 3¹¹.
1848 1983 1943 2063 dm.-

250 2126 406 2206 Borma
432 2120 519 2203 fere
545 2148 723 2232 percae,
766 2121 1015 2208 lanceolata.
1071 2128 1209 2237 Caput
1236 2122 1457 2225 conicum,
1495 2122 1932 2238 compressiusculum,

252 2268 414 2355 vertice
438 2292 530 2353 toto
558 2294 604 2354 et
629 2270 867 2386 operculis,
895 2272 1025 2356 etiam
1053 2267 1289 2359 suboculari
1315 2274 1487 2358 lamella
1511 2273 1787 2360 subtilissime
1813 2307 1943 2392 squa-⁴

251 2419 451 2522 mulosis,
488 2441 621 2506 rostro
654 2425 833 2525 obtuso,
874 2433 1050 2511 maxilla
1086 2423 1301 2539 superiore
1340 2423 1414 2508 vix
1456 2422 1659 2538 longiore.
1726 2427 1935 2514 Maniliae

251 2569 438 2656 tenuiter
464 2570 666 2674 labiatae,
696 2572 893 2658 dentibus
918 2573 1122 2657 confertis
1151 2596 1383 2689 asperatae,
1413 2572 1587 2660 inferior
1614 2575 1741 2688 paulo
1768 2575 1940 2688 majori

250 2722 329 2805 bus
366 2720 413 2804 in
449 2720 582 2835 apice.
640 2724 763 2810 Oculi
801 2725 1033 2833 majusculi.
1099 2724 1304 2840 Opercrrla
1344 2745 1441 2810 cute
1479 2725 1690 2838 angulata.
1746 2727 1945 2814 flabella--

251 2869 574 2986 branchiostega
615 2873 774 2977 divisa,
819 2873 1180 2989 quinqueradiata.
1237 2877 1396 2989 Corpus
1435 2874 1698 2981 lanceolata,
1734 2878 1944 2964 lateribus·

249 3049 514 3122 convexum,
537 3053 776 3140 compresso
791 3070 803 3089 ·
818 3025 1136 3109 crassiusculum
1146 3085 1161 3123 ,
1185 3025 1331 3107 subtus
1356 3027 1598 3130 aurescens,
1626 3056 1748 3141 supra
1775 3051 1935 3113 suturas

248 3172 486 3276 tentantes,
512 3197 561 3260 et
589 3177 641 3260 ed
670 3175 856 3260 dorsales
881 3205 1042 3288 osque,
1081 3172 1247 3289 punctis
1269 3172 1430 3258 crebris
1456 3172 1583 3257 fuscis
1610 3172 1859 3274 irroratum,
1886 3176 1934 3260 in

247 3302 378 3412 slorso
405 3324 730 3410 subolivaceum.
763 3327 989 3440 Quamne
1018 3324 1264 3425 mediocres,
1293 3321 1478 3434 margine
1505 3321 1717 3407 subtiliter
1745 3324 1933 3430 ciliatae,

252 3476 534 3595 asperrimae,
563 3476 677 3589 qaod
705 3497 749 3558 et
775 3474 822 3559 io
849 3475 1043 3588 sequenti
1071 3473 1210 3590 specie
1238 3470 1420 3559 nominis
1450 3472 1667 3559 vernaculi
1691 3472 1935 3560 similitudi·

251 3660 352 3715 nem
379 3625 593 3742 produxit.
662 3628 812 3711 Sutura
851 3624 1048 3738 utrinque
1086 3628 1262 3711 dorsalis
1305 3623 1427 3708 unica
1466 3644 1510 3708 et
1547 3631 1656 3711 linea
1691 3633 1875 3714 lateralis
1907 3657 1934 3710 a

252 3780 393 3894 capite
423 3777 516 3886 (ubi
544 3785 816 3890 concurrunt)
846 3780 899 3861 ad
926 3781 1103 3862 caudam
1130 3776 1356 3892 parallelae
1384 3773 1496 3861 inter
1525 3804 1569 3860 se
1597 3800 1642 3861 et
1669 3775 1824 3863 dorsali
1842 3778 1934 3889 pin·

252 3959 360 4029 nae;
400 3950 617 4044 praeterea
644 3935 751 4015 linea
778 3928 1013 4014 catenulata
1040 3925 1293 4030 obsoletior,
1328 3930 1556 4012 secundum
1582 3905 1693 4043 ipsas
1721 3923 1934 4012 radiorum

254 4079 481 4168 dorsalium
521 4081 708 4184 radices,
766 4077 840 4164 vix
878 4078 1125 4194 conspicua,
1182 4079 1294 4189 circa
1331 4077 1538 4165 medium
1562 4078 1716 4193 pinnae
1758 4074 1935 4165 dorsalis

253 4235 461 4318 secundae
490 4228 682 4316 evanida.
718 4233 891 4316 Saturae
917 4238 1116 4316 ventraies
1143 4230 1338 4345 utrinque
1370 4233 1454 4314 duo
1480 4228 1721 4346 parallelae,
1749 4236 1934 4340 superior·

255 4380 398 4466 asinn
423 4378 660 4466 branchiali
686 4404 790 4480 orta,
818 4381 924 4466 citra
948 4387 1076 4467 finem
1105 4381 1261 4498 pinnae
1290 4379 1361 4464 ani
1389 4381 1623 4482 terminata,
1653 4386 1797 4476 ultera,
1825 4403 1932 4490 quae

257 4533 308 4617 ad
333 4535 511 4617 caudam
537 4529 763 4646 pertingit,
808 4563 945 4618 versus
984 4528 1133 4649 pinnas
1166 4532 1383 4616 'ventrales
1425 4560 1521 4616 cum
1559 4558 1755 4644 compare
1799 4526 1930 4630 unita,

255 4680 438 4798 simplex
465 4685 519 4768 ad
544 4683 685 4795 gulam
711 4683 863 4799 pergit.
880 4735 929 4754 -
958 4686 1110 4771 Pinnae
1139 4685 1320 4772 dorcades
1346 4682 1393 4770 in
1420 4681 1563 4770 medio
1590 4679 1830 4778 distinctae,
1857 4680 1932 4763 sed

1475 4846 1494 4886 ὖ
