4404 5902
912 249 1058 299 Ε
1735 235 1827 320 555

132 481 224 539 uon
252 452 360 537 ultra
388 447 562 534 tertium
592 479 746 533 annum
772 446 941 552 vivere,
987 448 1033 533 in
1069 449 1165 535 lacu
1193 480 1294 537 vero
1322 450 1403 539 isto
1433 452 1560 538 etiam
1587 457 1730 570 plures
1760 486 1830 539 an·

133 636 214 689 nos
241 603 473 717 adtingere.
528 602 719 687 Juniores
749 598 872 713 hujus
902 600 1125 687 varietates
1153 605 1328 689 biennes
1356 627 1401 689 et
1428 634 1582 689 annuas
1613 641 1656 690 ιο
1685 609 1736 690 ad
1767 623 1828 713 ¹4·

134 754 318 867 pollices
355 755 500 868 longas
540 751 714 857 habuit,
769 783 944 866 quarum
986 754 1143 865 pinnae
1179 756 1339 840 iuferae
1381 778 1501 841 erant
1543 758 1825 861 ruberrimae,

136 905 312 991 maxilla
339 904 513 989 inferior
538 906 632 1018 plus
661 904 850 990 minusve
870 887 1093 1019 producta.
1161 906 1266 991 Dari
1301 907 1432 993 etiam
1473 918 1713 994 varietatem
1739 939 1825 993 non

134 1055 183 1141 in
209 1055 293 1141 isto
325 1078 510 1154 tantum,
537 1060 611 1142 sed
640 1058 757 1140 etin
790 1059 884 1142 lacu
913 1056 1075 1140 insulae
1105 1058 1289 1172 Caraga,
1315 1089 1517 1173 perquam
1547 1059 1748 1173 gracilem
1781 1082 1827 1145 et

134 1238 273 1325 paene
300 1206 606 1320 ferrugineam,
643 1208 733 1292 sine
761 1207 962 1310 maculis,
1003 1210 1136 1292 forma
1164 1241 1189 1292 a
1216 1210 1339 1294 solita
1369 1209 1683 1297 alienissimam.
1740 1216 1826 1295 Hac

132 1381 257 1475 putat
285 1389 372 1443 esse
401 1357 630 1473 hybridas,
670 1359 716 1444 in
744 1361 839 1444 lacu
866 1381 1010 1462 natas,
1056 1359 1363 1446 adulteratione
1391 1391 1567 1447 ovorum
1596 1359 1824 1449 Callaridia

133 1543 160 1596 a
192 1533 398 1626 spermate
427 1511 635 1596 Salmonis
662 1510 996 1626 sanguinolenti,
1038 1518 1154 1618 cujus
1195 1510 1381 1626 speciei,
1424 1511 1548 1597 multi
1575 1512 1622 1598 in
1649 1513 1821 1597 cosdem

130 1664 276 1762 lacus,
317 1664 441 1783 valde
480 1664 592 1748 elato
620 1664 704 1748 situ
731 1662 917 1778 positos,
960 1661 1237 1746 inundatione
1276 1666 1456 1775 quadam
1498 1664 1653 1761 maris,
1696 1661 1823 1747 simul

131 1845 233 1900 cum
263 1813 475 1900 Callaride
503 1815 692 1929 perlata,
729 1814 974 1926 ibidemque
1003 1844 1114 1897 nunc
1143 1817 1267 1898 ambo
1297 1816 1492 1899 videntur
1518 1843 1747 1931 propagare
1778 1832 1823 1899 et

137 1965 323 2052 subinde
352 1988 499 2049 sexum
528 1965 720 2050 miscere.
762 1969 904 2078 =Quod
934 1996 1019 2051 non
1049 1968 1204 2080 absque
1236 1967 1326 2053 veri
1353 1958 1496 2084 specie
1523 1987 1601 2050 est.

276 2120 319 2201 N
332 2144 399 2202 ot.
430 2151 468 2202 a.
526 2122 664 2229 Quum
702 2139 819 2222 toto,
866 2119 918 2201 ab
946 2125 1112 2235 Europa
1150 2148 1280 2233 usque
1318 2119 1363 2204 in
1396 2116 1588 2203 ultimam
1621 2114 1820 2202 Sibiriam

126 2269 373 2366 intervallo
401 2267 556 2354 nullibi
583 2267 628 2352 in
658 2266 810 2383 alpinis
839 2270 956 2383 aquis
974 2274 1167 2357 Salvelini
1195 2272 1462 2362 observatum
1491 2269 1546 2355 sit
1575 2269 1815 2384 vestigium,

128 2424 190 2507 de
219 2419 444 2505 identitate
473 2427 560 2532 ejus
588 2450 685 2504 cum
714 2420 873 2505 Callari
902 2445 1044 2507 nostro
1071 2420 1255 2506 incertus
1284 2419 1465 2521 haereo,
1492 2421 1673 2535 ideoque
1702 2418 1818 2506 hunc

128 2572 261 2659 icone
288 2594 333 2657 et
361 2570 645 2687 descriptione
672 2569 894 2658 illustravi.
951 2573 1132 2658 Videtur
1164 2596 1306 2658 tamen
1332 2572 1557 2689 insequens
1583 2571 1744 2693 species
1771 2568 1820 2656 in

125 2730 256 2811 Nera
284 2727 325 2808 fl.
355 2756 378 2808 a
406 2755 473 2809 me
500 2728 739 2829 observata,
770 2723 900 2808 etiam
930 2749 1019 2809 esse
1048 2725 1232 2838 degener
1257 2727 1326 2810 vel
1357 2723 1603 2829 Salmarini,
1633 2723 1702 2807 vel
1731 2722 1819 2807 Sal·

128 2874 270 2961 velini
296 2877 540 2991 progenies,
583 2878 772 2999 adeoque
816 2906 906 2965 rem
948 2873 995 2967 in
1035 2905 1233 2997 suspenso
1261 2874 1480 2999 relinquo,
1523 2878 1659 2970 donec
1686 2871 1817 2961 serior

123 3027 353 3117 edocuerit
381 3052 507 3121 aetas,

557 3259 674 3351 253.
721 3251 998 3342 SALMO
1033 3255 1393 3347 autumnalis.

270 3485 316 3570 S.
346 3512 520 3600 corpore
548 3485 665 3570 fulvo
693 3450 920 3596 albidoqire
946 3503 1177 3599 punctato,
1218 3477 1393 3567 maxilla
1420 3478 1620 3566 inferiore
1647 3478 1816 3565 sublon-

118 3630 265 3757 giore,
293 3638 423 3723 cauda
452 3635 700 3738 semibifida,
728 3634 858 3750 pinna
887 3632 956 3717 ani
982 3630 1357 3736 undecimradiata,
1385 3630 1813 3719 tumescenti-rubra.

322 3793 424 3872 ann
453 3788 608 3873 Umbla
634 3786 787 3894 tertia,
825 3792 986 3873 Marstt.
1015 3786 1180 3869 Danub.
1210 3788 1262 3870 V.
1289 3820 1330 3903 p.
1360 3798 1427 3875 83.
1455 3785 1541 3872 tab.
1573 3817 1639 3892 29.
1657 3790 1742 3896 fig.
1773 3813 1811 3868 a.

322 3939 634 4046 ?Salmarinus,
669 3942 851 4025 Salvium
880 3970 948 4052 aq.
979 3973 1020 4053 p.
1058 3972 1145 4023 ror.
1181 3970 1270 4022 roa.

325 4093 501 4180 ?Salmo
528 4090 808 4193 Salmarinus,
841 4094 930 4176 Ltn.
960 4112 1066 4205 syst.
1095 4092 1190 4174 ΧΗ.
1217 4093 1252 4173 Ι.
1284 4122 1326 4204 p.
1355 4103 1448 4178 5ιι.
1477 4120 1540 4205 sp.
1576 4122 1637 4174 ιο.

271 4250 420 4329 Mense
450 4244 626 4333 Octobri
671 4242 886 4329 turmatim
928 4241 974 4326 in
1002 4247 1170 4327 Nevam
1209 4241 1382 4327 fluvium
1417 4243 1675 4327 adscendunt
1701 4240 1813 4325 lacte

108 4420 178 4490 et
206 4395 299 4483 oria
329 4424 474 4512 graves
500 4420 546 4482 et
573 4395 742 4512 copiose
777 4394 823 4479 in
860 4391 965 4478 retia
1001 4391 1209 4477 incidunt.
1267 4391 1383 4478 Odor
1420 4392 1692 4494 fortissimus,
1736 4387 1814 4472 sal·

113 4547 351 4647 monibus,
381 4548 589 4664 ingratus,
618 4570 666 4635 ut
693 4546 926 4666 coregonis.
955 4549 1065 4634 Caro
1092 4543 1253 4665 pallide
1280 4546 1424 4645 rubra,
1453 4542 1585 4663 magis
1612 4540 1815 4633 mollusca

103 4731 258 4824 quam
285 4698 517 4789 Huchonie.

1350 4851 1374 4902 o
