4404 5902
342 354 439 459 aaa
1113 364 1264 431 ==

346 575 417 659 vel
453 568 599 659 salitus
636 593 684 658 et
723 566 839 657 firmo
880 568 1052 653 duratus
1083 563 1320 650 admodum
1365 560 1623 653 aestimatur.
1676 561 1883 655 :Siooatus
1911 590 2023 659 untur

345 746 526 838 quantus
552 721 813 839 pinguedine
839 716 983 805 oleosa
1011 713 1118 800 fluit.

485 877 662 961 Descr.
701 873 863 959 Habitu
889 871 942 954 ad
969 870 1079 983 eyp.
1104 867 1332 952 cultratum
1355 863 1542 970 accedit,
1567 896 1656 985 quo
1678 898 1852 987 semper
1878 872 2026 979 minor,

343 1023 530 1138 Harengi
560 1021 880 1139 magnitudines
914 1017 1093 1105 crasiior
1120 1018 1226 1103 item
1253 1039 1299 1102 et
1322 1015 1545 1132 pinguior,
1580 1018 1788 1107 lateribus
1813 1024 2027 1127 convexis,

345 1174 507 1264 ventris
532 1174 676 1261 carina
701 1173 839 1258 minus
864 1192 1032 1291 arouata
1057 1192 1103 1255 et
1128 1166 1401 1271 convexione,
1422 1195 1568 1285 neque
1595 1167 1735 1257 nucha
1756 1174 1812 1259 ad
1826 1171 2031 1261 aertioem

346 1327 457 1411 adeo
484 1325 570 1410 late
596 1352 784 1410 carnosa·
833 1318 1126 1434 caeteroquin
1153 1340 1279 1436 caput
1303 1317 1471 1423 simila,
1495 1328 1686 1409 maxilla
1711 1318 1920 1409 inferiore
1946 1326 2031 1441 pia·

295 1538 302 1557 .
345 1475 466 1560 uiore
478 1536 492 1575 ,
520 1479 594 1560 sed
619 1473 883 1590 prominula,
924 1494 1067 1557 tamen
1098 1504 1183 1558 non
1208 1470 1496 1575 tuberculata,
1530 1480 1735 1586 superiore
1756 1471 1928 1561 sinuat·
1949 1508 2031 1595 pro

346 1626 594 1742 recipiendo
619 1626 741 1742 apice
767 1621 994 1709 inferioris.
1042 1626 1238 1710 flabella
1272 1622 1536 1709 'bronchialia
1560 1620 1845 1711 arilianensis
1871 1622 2030 1715 isthmo

347 1779 470 1894 gulae
498 1772 865 1891 longitudinaliter
889 1774 1067 1859 adnexa.
1116 1776 1254 1858 Nares
1282 1770 1509 1887 duplices,
1538 1772 1721 1861 svalvula
1750 1772 2031 1883 -mtamedim
2178 1850 2182 1861 .

346 1930 472 2015 Oculi
499 1926 761 2027 mediocres,
789 1929 894 2013 inde
922 1947 1142 2040 argentam
1178 1951 1356 2038 superne
1376 1924 1604 2011 subaurata
1626 1945 1675 2017 et
1700 1924 1873 2041 prmo'tia
1899 1926 2029 2044 nigri·
2169 1964 2183 2015 r

343 2080 585 2196 pulverera,
626 2079 794 2165 interne
828 2100 973 2164 notata
999 2099 1163 2193 puncto
1195 2074 1439 2190 sanguineo.
1492 2077 1662 2189 Corpus
1685 2054 2026 2185 orminmlum,
2160 2142 2184 2185 .

347 2229 531 2346 squamis
557 2229 957 2343 majrrsculis31ineo
983 2236 1168 2315 lateralis
1192 2256 1300 2331 non,
1327 2249 1377 2312 ut
1401 2222 1694 2340 praecedeuti,
1721 2226 1926 2329 flexuosa,
1942 2226 2028 2315 mi·
2140 2274 2188 2297 -

346 2408 510 2493 nusqua
537 2380 706 2466 cannae
745 2378 1062 2496 approximate,
1088 2411 1125 2464 a
1163 2376 1304 2493 capite
1333 2373 1500 2461 aenaim
1536 2396 1707 2461 arcuato
1722 2378 2029 2469 ·.descendeus.
2125 2434 2193 2463 ..

346 2528 501 2613 Pinnae
527 2536 778 2643 pectorales,
808 2528 1049 2632 breviores,
1078 2528 1349 2618 .lanceolatae
1361 2586 1376 2626 ,
1391 2528 1492 2612 rad.
1527 2538 1589 2613 15.
1614 2526 1733 2613 dorsi
1758 2526 1891 2643 paulo
1912 2552 2026 2617 ante·
2122 2564 2194 2607 ·r·

347 2673 458 2781 rior,
502 2710 627 2794 quam
655 2676 701 2763 in
728 2678 777 2767 C.
803 2678 1012 2782 cultrato,
1060 2682 1149 2765 rad.
1171 2699 1342 2795 praeter
1368 2672 1673 2762 adminiculum
1699 2688 1727 2763 Β
1755 2678 1812 2763 ad
1834 2712 1909 2767 aa.
1934 2712 2026 2769 m·
2113 2726 2194 2757 ···

347 2834 473 2913 orales
495 2830 586 2914 rad.
614 2863 653 2934 9.
672 2858 853 2942 ‚squama
885 2814 1066 2941 silpante
1098 2828 1284 2945 insigni,
1310 2825 1577 2914 zlanceOIata.
1623 2828 1679 2911 1’.
1703 2834 1781 2913 ani
1804 2828 2023 2919 radionrm
2111 2860 2188 2919 n

341 3004 523 3062 numero
549 2977 714 3063 varians
739 3009 767 3063 a
789 2993 845 3067 aa
876 2980 929 3063 ad
961 3011 1025 3063 ao.
1083 2981 1634 3087 Coudo'bifurcarad.·19.
1681 2979 1854 3067 Pinnae
1879 3008 2022 3069 omnes
2106 3012 2176 3071 ει

344 3121 525 3239 rigidae,
550 3125 712 3214 inferae
737 3128 875 3215 albae.
920 3131 1307 3246 ·=Colorsp1endide
1334 3154 1577 3245 argenteus,
1601 3129 1826 3243 iuventte
1851 3130 2017 3237 lacteus,
2113 3196 2150 3235 .

344 3277 472 3363 dorso
499 3305 524 3361 e
552 3274 784 3364 virescenti
794 3309 949 3366 ·.canus
968 3283 1091 3368 fusco
1114 3288 1370 3397 pulveratus.
1423 3282 1591 3368 Pondus
1615 3280 1775 3369 uuciar.
1800 3316 1846 3391 9.
1873 3287 2017 3399 lorrgi·

346 3428 447 3512 tudo
473 3449 564 3512 tota
595 3461 641 3512 ιε
669 3429 774 3544 poll.
797 3432 954 3546 capitis
981 3436 1043 3519 a“.
1070 3435 1133 3525 am.
1164 3432 1282 3519 oculi
1311 3432 1510 3516 distantia
1535 3464 1562 3516 a
1587 3454 1723 3517 rostro
1749 3438 1824 3542 7⁰2
1847 3435 2014 3521 narium

345 3581 434 3681 4;”.
461 3577 685 3692 pinnarum
712 3582 989 3694 pastoralium
1022 3581 1077 3667 2⁰.
1106 3589 1176 3667 sm.
1192 3582 1306 3667 2hinc
1335 3586 1387 3666 ad
1415 3583 1623 3667 ventrales
1647 3581 1706 3667 ε’.
1734 3590 1810 3668 6”’.
1836 3582 2013 3670 indeed

344 3754 390 3842 p.
419 3725 490 3810 ani
519 3729 572 3811 2⁰.
598 3740 661 3830 pm.
686 3737 777 3843 ejus
804 3731 986 3816 latitudo
1020 3732 1071 3818 ι’.
1103 3746 1189 3820 5¹⁰2
1219 3737 1271 3819 ab
1297 3763 1431 3847 eaque
1458 3735 1514 3817 ad
1538 3734 1717 3817 caudam
1749 3742 1808 3819 ι”.
1845 3738 1938 3821 rom.
1961 3734 2012 3819 la·

342 3874 483 3961 ciniae
511 3882 668 3964 caudae
701 3885 760 3963 2''.
794 3882 861 3966 r‘'‘.
903 3884 958 3968 ab
997 3912 1071 3969 ore
1115 3887 1167 3969 ad
1208 3882 1297 3996 pin.
1336 3883 1451 3967 dorsi
1478 3884 1540 3969 5''.
1564 3888 1640 3969 6’”.
1659 3888 1757 3995 ejus
1782 3882 1899 3971 latit.
1932 3892 2013 3969 rr''.
2144 3890 2167 3924 ⁸

343 4024 446 4111 inde
474 4029 527 4111 εά
554 4032 729 4114 caudam
758 4037 818 4117 δ”.
845 4038 916 4135 4”’.
945 4033 1127 4119 latitudo
1155 4065 1314 4117 summa
1335 4031 1529 4146 eorporis
1557 4034 1610 4117 ad
1637 4061 1680 4147 p.
1702 4054 1851 4119 venta.
1881 4040 2015 4149 εἴγ’.

338 4175 550 4261 crassities
587 4180 753 4265 ibidem
788 4183 843 4266 1⁰.
873 4190 957 4268 affl.
995 4183 1144 4296 longit.
1180 4184 1268 4298 pin.
1296 4183 1498 4296 pectoral.
1532 4188 1586 4269 r'‘.
1614 4178 1687 4271 8”’.
1728 4186 1954 4277 Mantuae
1977 4188 2020 4275 in

336 4324 529 4411 faucibus
558 4329 928 4442 quadridentatae,
956 4333 1153 4418 dentibus
1180 4333 1324 4418 acutis.

480 4480 596 4564 Not.
649 4490 757 4566 Cum
794 4480 880 4568 hoc
913 4483 1030 4596 pisce
1058 4485 1226 4569 videtur
1250 4482 1478 4569 convenire
1504 4481 1635 4598 piscis
1648 4481 1708 4571 ''in
1735 4496 1875 4575 &mur
1885 4492 2026 4579 durio

335 4629 569 4744 quotannis
580 4634 858 4737 Anadromus,
872 4633 1014 4718 Rossis
1040 4634 1087 4720 in
1100 4633 1284 4718 Dauuria
1317 4635 1692 4753 Wostrobrjuschlro
1709 4640 2028 4753 (εωείνεηῑει)

323 4776 484 4876 dictus,
517 4789 637 4895 cujus
662 4804 827 4867 tantum
857 4782 1069 4899 specimen
1098 4786 1300 4873 siccatum
1325 4807 1370 4869 et
1395 4804 1638 4901 corruptum
1655 4786 1868 4877 nurnero
1884 4792 2031 4911 potui,
