4404 5902
257 375 320 468 80
1029 385 1179 441 ΕΞ

257 597 470 711 „superior
494 589 542 678 in
569 610 747 707 quatuor
772 617 864 677 ossa
891 560 1063 693 divisa,
1103 587 1255 672 dantes
1292 580 1541 672 sustinentia
1567 605 1613 672 et
1642 611 1720 702 per
1745 589 1949 709 symphy.

258 744 362 851 „sin
384 745 528 830 cranio
554 750 713 857 juncta.
780 743 891 857 Ossa
907 743 1120 851 fraenalia
1146 736 1318 842 teretia,
1372 739 1573 824 maxillae
1599 739 1801 858 superiori
1832 773 1947 858 pone

256 898 432 1002 „oculos
460 895 678 1012 ginglymo
714 902 869 1009 juncta.
943 892 1093 978 Orbita
1131 886 1319 1006 superius
1359 889 1647 1006 cartilaginea.
1716 895 1949 982 Branchus

256 1071 528 1162 „quaternae,
558 1044 754 1161 utrinque
781 1046 994 1162 duplices,
1020 1043 1132 1128 intra
1158 1072 1205 1128 os
1232 1042 1500 1157 granulosae3
1530 1041 1949 1164 ossabranchiarutn

257 1199 445 1306 „fistulas
474 1197 724 1282 sustinentia
751 1221 889 1328 recta,
942 1196 1115 1302 teretia,
1171 1193 1390 1309 angulosa,
1447 1223 1534 1279 non
1575 1216 1753 1281 uenata.
1816 1197 1949 1313 Spina

256 1350 404 1451 „dorsi
430 1350 530 1439 satis
557 1347 743 1435 valida.“
891 1408 894 1415 -

600 1628 679 1726 79.
734 1600 1359 1746 ANABRHICHAS
1405 1605 1609 1728 Lupus.

397 1829 453 1912 A.
482 1826 620 1911 luscus
649 1824 966 1926 immaculatus,
996 1824 1196 1911 lateribus
1225 1820 1394 1908 albidis.

460 1983 617 2093 ¹Lupus
654 1976 858 2077 marinus,
920 1978 1142 2091 Willugbb.
1182 1977 1307 2062 icbtlz.
1350 2007 1392 2088 p.
1440 1987 1530 2062 130.
1557 1973 1645 2060 tab.
1675 1976 1722 2059 H
1731 1986 1770 2062 3.
1788 1975 1875 2091 fig.
1910 2011 1947 2065 t.

535 2133 630 2247 Raj.
660 2161 754 2242 syn.
783 2163 825 2245 p.
852 2148 922 2234 4ο.
1548 2180 1551 2185 ,

477 2279 768 2365 Anarrhichas
796 2287 960 2393 Lupus,
1011 2281 1103 2362 Lan.
1128 2299 1236 2391 sytt.
1263 2279 1361 2363 ΧΠ.
1389 2282 1424 2364 Ι.
1454 2312 1497 2395 p.
1522 2292 1618 2384 430.

479 2426 769 2517 Anarrhichas
797 2430 997 2518 dentibus
1035 2429 1187 2537 osseis,
1241 2435 1387 2518 Bloch.
1416 2432 1522 2517 Piso.
1544 2463 1676 2544 germ.
1703 2434 1781 2517 ΙΙΙ.
1809 2465 1853 2547 p.
1888 2444 1956 2551 18.

535 2581 622 2666 sab.
649 2600 719 2690 rt

412 2732 464 2815 ln
488 2731 596 2819 mari
622 2731 815 2820 balthico
840 2755 887 2819 et
912 2734 1043 2819 boreo
1082 2729 1214 2818 rarius
1242 2732 1489 2821 observatur
1516 2756 1562 2820 et
1587 2734 1634 2820 in
1661 2736 1796 2822 multo
1823 2742 1954 2853 majo·

260 2908 355 2977 rem
380 2883 540 2980 molem
568 2884 795 2990 excrescit,
823 2913 951 2999 quam
976 2885 1291 3001 praecedentes.

812 3320 937 3432 XIII.
1008 3318 1396 3431 SILVRL

980 3588 1244 3619 ...ὴ-ιιι-

266 3882 271 3889 ,
403 3790 637 3885 silurorum
663 3818 793 3908 genus
821 3811 943 3880 extra
969 3796 1180 3910 Europam
1209 3795 1437 3883 admodum
1464 3825 1753 3900 numerosum,
1781 3821 1881 3918 apte
1907 3825 1955 3891 et

262 3946 490 4037 evidenter
513 3945 561 4031 in
587 3943 669 4031 tria
710 3974 862 4060 genera
901 3944 1082 4061 dispesci
1124 3948 1307 4063 poterit:
1359 3953 1533 4055 Silures,
1590 3950 1760 4066 proprie
1798 3953 1952 4063 dictos,

263 4103 417 4204 nudos,
446 4099 572 4185 unica
597 4096 729 4214 pinna
756 4095 913 4183 dorsali
940 4095 1193 4196 instructos,
1232 4103 1421 4212 Myrtos,
1450 4101 1581 4217 pinna
1607 4100 1748 4216 priore
1778 4128 1952 4213 armata,

262 4251 428 4369 postica
455 4247 629 4364 adiposa
668 4247 906 4364 praeditos,
959 4247 1025 4333 uti
1065 4251 1309 4348 Salmones3
1362 4273 1407 4336 et
1448 4254 1702 4338 Callicbthos
1730 4255 1952 4357 Gronovii,

263 4401 450 4516 squamis
476 4400 606 4486 osseis
633 4398 854 4497 loricatos,
907 4399 982 4513 qui
1022 4402 1244 4486 Loricamis
1284 4424 1329 4486 et
1355 4380 1646 4518 Acipensenim
1673 4404 1819 4519 generi
1832 4409 1954 4496 liunt

266 4524 427 4645 affines.
481 4554 642 4642 Omnes
668 4549 927 4635 conveniunt
954 4552 1116 4656 babitu,
1159 4553 1308 4664 grandi
1335 4551 1580 4667 praesertim
1606 4554 1771 4669 capite,
1806 4564 1953 4649 cirrus

266 4701 322 4786 ad
335 4731 381 4787 os
395 4702 564 4807 enebris,
594 4730 843 4816 ovorumque
858 4700 1161 4815 magnitudine,
1189 4731 1366 4817 quorum
1389 4703 1559 4788 vitellus
1571 4704 1752 4790 exclusis
1772 4710 1956 4799 foetibus

264 4855 439 4948 maturis
468 4851 821 4972 perumbilicunr
852 4852 1009 4938 sensim
1034 4855 1293 4958 absumitur,
1308 4877 1357 4941 ut
1382 4853 1429 4941 in
1455 4856 1632 4970 Squalis3
1661 4886 1744 4972 quo
1758 4861 1961 4985 affiinitag
