4404 5902
309 368 316 375 ’
350 366 440 433 202
1127 368 1271 425 ...Ξ

454 568 662 685 Tungusis
688 569 875 683 Schegbn
902 592 947 654 et
975 568 1291 680 Schegatscbdn.
1346 559 1551 673 Jucagiris
1579 563 1823 651 Naetnouia.

455 725 688 834 Samojedis
716 700 844 838 No'je3
874 719 1061 806 Coibalis
1089 722 1222 837 Nujci,·
1252 716 1597 801 lnbazkiensibus
1624 721 1744 803 nass.
1815 766 1825 789 ·

483 880 532 959 In
568 873 708 960 fluviis
743 870 1085 988 profundioribus
1125 895 1169 955 et
1200 872 1373 955 lacubus
1400 868 1530 954 totius
1559 867 1731 953 Rossiae
1759 891 1804 953 et
1831 870 2040 978 Sibiriae,

346 1025 505 1110 amari
551 1024 740 1111 baltbico
783 1054 912 1136 usque
952 1027 1005 1108 ad
1047 1030 1205 1108 Lanam
1246 1047 1289 1107 et
1325 1024 1543 1108 Oceanum
1587 1017 1767 1106 sinicum
1797 1032 2046 1119 communis

345 1175 498 1293 piscis3
553 1176 724 1289 jusculis
765 1207 862 1260 cum
902 1175 1088 1290 jecinore
1123 1175 1278 1291 paratis
1314 1180 1541 1259 Rossorum
1575 1171 1742 1285 Apiciis
1778 1176 2039 1285 celebratus,

344 1350 558 1413 caeterum
586 1326 709 1430 vilis,
761 1327 902 1411 vesica
931 1327 1095 1411 anemia
1123 1358 1199 1442 pro
1229 1324 1527 1439 Ichthyocolla
1553 1323 1795 1427 communi,
1851 1331 2045 1443 pellibus

345 1477 527 1563 inuncto
557 1480 654 1563 oleo
680 1478 906 1593 pellucidis
934 1481 1181 1593 plebeculae
1210 1482 1263 1563 ad
1290 1480 1518 1579 fenestras,
1575 1496 1620 1558 et
1654 1477 1837 1562 Ostiacis
1867 1486 2043 1575 betulae

345 1629 505 1715 cortice
532 1627 678 1713 tinctis
715 1634 974 1715 consuendas
1014 1631 1200 1715 lacernas
1241 1630 1449 1745 pluviales
1489 1648 1534 1713 et
1572 1631 1745 1742 penulas
1783 1631 1921 1721 utilis.
1982 1642 2042 1727 Hi

344 1780 474 1867 etiam
503 1779 808 1895 pinguedinem
848 1806 1090 1896 excoquunt
1128 1812 1205 1897 pro
1247 1784 1398 1895 butyro
1439 1802 1563 1893 atque
1604 1782 1922 1874 medicamento
1951 1824 2040 1879 ser.

344 1934 542 2035 vandum,
574 1962 659 2046 quo
687 1956 859 2018 utuntur
887 1933 932 2017 in
960 1933 1192 2019 tumoribus
1220 1958 1264 2019 et
1291 1933 1505 2019 doloribus
1533 1930 1744 2032 externis,
1779 1945 2040 2049 praesertim

341 2083 634 2196 glandularum
676 2084 792 2168 colli.
864 2086 1022 2171 Ouaria
1062 2118 1160 2169 curn
1187 2086 1272 2171 sale
1300 2082 1550 2169 commiruta
1594 2082 1639 2166 in
1681 2083 1826 2173 cibum
1857 2096 2038 2187 cedunt.

340 2233 480 2318 Etiam
509 2235 556 2318 in
584 2234 723 2318 fluviis
749 2236 858 2320 ultra
888 2243 1046 2322 Lenem
1076 2241 1249 2323 boreum
1271 2240 1490 2324 Oceanum
1518 2235 1768 2321 adeuntibus
1797 2244 2040 2359 Indigirlur,

339 2384 553 2496 Pjassida,
592 2408 640 2470 ut
680 2407 724 2469 et
763 2386 808 2472 in
837 2388 1046 2475 Penshina
1080 2392 1125 2476 fl.
1164 2390 1320 2475 dicitur
1348 2387 1507 2472 vivere.
1579 2392 1628 2472 In
1654 2387 1879 2507 Chatanga
1909 2428 2041 2521 saepo
2084 2432 2087 2439 ·

339 2536 478 2651 sesqui
509 2537 665 2623 ulnaris
693 2560 736 2623 et
766 2536 813 2623 in
842 2542 939 2626 Obo
967 2545 1008 2626 fl.
1040 2543 1093 2626 ad
1119 2542 1294 2658 triginta
1322 2541 1419 2625 libr.
1447 2543 1615 2657 pondus.
1638 2563 1804 2656 aequat.

485 2813 600 2898 150.
655 2806 933 2899 GADUS
977 2812 1227 2925 jubatus.
1277 2811 1408 2899 TAB.
1447 2808 1589 2901 XLII.
1618 2806 1704 2929 fig.
1742 2838 1789 2915 2·
1831 2815 1886 2908 B.

475 2994 525 3075 G.
556 2992 680 3079 dorso
708 2989 917 3109 unipinni‚
948 2999 1087 3085 antica
1115 2997 1351 3099 cirrhisero,
1378 3019 1512 3084 rostro
1538 2995 1690 3083 cirrhis
1718 2998 1917 3113 duobus,
1950 3042 2036 3101 m.

337 3134 468 3225 xillae
496 3143 636 3247 unico,
666 3146 798 3231 cauda
829 3153 1057 3235 rotundam.

555 3298 696 3380 Gadus
737 3301 1088 3402 mediterraneus,
1144 3306 1233 3387 Lin.
1276 3323 1381 3415 syst.
1421 3304 1519 3388 XII.
1560 3305 1594 3388 Ι.
1637 3336 1675 3418 ρ.
1710 3320 1809 3409 44ι.
1851 3340 1924 3426 sp.
1969 3354 2033 3431 ¹7·

606 3452 716 3533 un.
744 3452 937 3566 Auorpro
963 3456 1074 3538 aaa.
1103 3459 1154 3537 rr.
1189 3490 1231 3568 p.
1263 3471 1328 3539 ao.
1357 3421 1540 3541 faarai.
1569 3461 1699 3570 posu.
1716 3461 1769 3539 rr.
1785 3460 1910 3548 xrrs.
1937 3502 1976 3555 η,
1990 3488 2031 3561 5,

442 3602 702 3713 Neograecis
732 3625 776 3686 et
804 3604 1127 3693 Tauro-tataris
1157 3606 1455 3720 Crymensibus
1482 3610 1641 3704 Gale'a3
1675 3610 1826 3697 Turcis
1855 3620 2031 3724 (secun-

500 3752 600 3835 dum
628 3757 668 3836 F
672 3724 968 3870 arabilium)
998 3761 1287 3846 Dsbelr'ndslub
1316 3762 1460 3871 bulyls.

472 3903 595 3989 Circa
622 3936 768 3991 saxosa
795 3909 936 3995 littora
968 3909 1219 3996 Chersonesi
1248 3911 1432 3998 tauricae
1461 3914 1656 4029 frequens
1681 3914 1844 4031 piscis‚·
1891 3926 2028 4017 allici.

331 4071 400 4135 tur
426 4055 588 4138 cancris
618 4086 713 4141 cum
743 4059 974 4146 Absinthio
1017 4062 1230 4147 maritimo
1271 4064 1455 4150 contusis
1492 4088 1538 4151 et
1584 4069 1636 4152 ad
1663 4070 1811 4155 littora
1839 4071 1891 4160 in
1920 4082 2029 4169 mari

332 4203 509 4317 sparsis,
543 4206 617 4291 ubi
644 4210 765 4322 pueri
795 4214 1018 4297 adventum
1048 4213 1175 4327 piscis
1204 4217 1451 4332 operiuntur
1479 4248 1660 4334 eumque
1688 4221 1886 4313 reticulis
1921 4230 2028 4321 hau·

329 4353 457 4441 riunt.
501 4362 575 4441 Est
605 4381 743 4443 autem
772 4360 817 4446 in
847 4364 944 4450 cibo
972 4367 1210 4452 deliciosus.
1269 4373 1409 4456 Gados
1440 4369 1547 4457 haec
1575 4370 1737 4487 species
1765 4405 1871 4466 cum
1900 4388 2028 4477 Blen.

326 4503 408 4590 niis
437 4514 691 4622 conjungere
722 4513 899 4602 videtur.

464 4661 632 4747 Descr.
667 4668 903 4782 Ambiguus
928 4670 1041 4758 inter
1069 4676 1209 4759 Gados
1238 4699 1282 4760 et
1308 4675 1523 4763 Blennios.
1581 4677 1724 4791 Vulgo
1751 4677 1830 4767 vix
1859 4690 2031 4805 spitha-

326 4808 431 4895 muli
458 4816 603 4925 major,
631 4814 762 4901 sarim
790 4820 1172 4940 decempollicaris.
1228 4828 1415 4915 crassitie
1442 4860 1565 4947 supra
1591 4829 1815 4945 pollicem,
1844 4869 2028 4965 propor-
