4404 5902
266 323 361 411 388
1036 348 1185 402 ===

405 551 457 630 In
484 546 621 630 fluviis
650 569 694 632 et
721 546 893 631 lacubus
922 545 1120 652 Rossiae‚
1163 545 1330 660 Ingriae
1371 573 1416 635 et
1441 548 1649 650 Livoniee
1686 551 1865 669 copiose
1892 584 1962 639 ca·

268 700 405 813 pitur,
447 699 511 784 uti
537 702 584 784 iri
613 701 862 805 Germania,
905 724 948 785 et
976 730 1121 784 recens
1151 704 1280 787 odore
1306 701 1472 816 ingrato
1485 763 1500 802 ,
1541 702 1675 789 multo
1710 705 1963 807 foetidiore,

268 884 393 966 quam
421 850 646 966 Eperlani,
691 882 912 937 nauseosus
940 877 1014 939 est.
1073 854 1274 939 Celebres
1310 853 1557 969 praesertim
1583 878 1681 940 sunt
1707 878 1754 941 et
1783 856 1962 972 copiose

267 1000 480 1089 Moscuarn
524 1006 770 1090 adferuntur
799 997 834 1089 ,e
875 1006 970 1089 lacu
1010 1004 1178 1090 mediae
1219 1004 1391 1091 Bossiae
1426 1006 1537 1093 albo·
1560 1007 1676 1093 dieto
1705 1012 1962 1128 (BJelosero)

266 1160 376 1241 unde
416 1160 695 1275 Bjeloserslsye
734 1159 871 1241 Saetlri
916 1156 1104 1241 audiunt.
1197 1156 1379 1273 Copiose
1419 1157 1550 1243 etiam
1586 1158 1635 1245 in
1675 1158 1775 1245 lacu
1809 1162 1966 1275 Peipus

266 1308 495 1408 Livoniae,
538 1312 638 1394 dum
669 1311 868 1424 Eperlani
895 1331 1060 1393 tantum
1098 1309 1143 1394 in
1177 1309 1284 1395 mari
1316 1331 1360 1394 et
1388 1307 1547 1394 vicinia
1582 1309 1722 1397 maris.
1784 1311 1966 1428 Species

268 1461 375 1547 haec
405 1496 427 1545 a
455 1463 667 1577 plerisque
696 1459 1023 1576 Ichthyologis,
1068 1471 1375 1548 accuratissimo
1402 1462 1616 1549 Artedt'o
1653 1484 1700 1547 et
1733 1469 1966 1551 Linnaeo

265 1644 350 1697 non
379 1614 593 1728 exceptis,
637 1645 735 1698 cum
762 1615 973 1739 Eperlanp
1002 1617 1297 1712 confunditur3
1353 1635 1497 1698 tamen
1524 1637 1590 1699 est
1618 1612 1966 1720 distinctissime,

265 1764 598 1880 omnitempore
628 1766 730 1850 anni
758 1765 803 1848 in
834 1765 972 1849 fluviis
999 1789 1043 1850 et
1072 1768 1242 1852 lacubus
1269 1765 1398 1853 obvia
1426 1787 1470 1852 et
1498 1765 1638 1880 primo
1666 1796 1773 1853 vere
1803 1763 1966 1853 orariis

264 1916 347 2001 suis
376 1940 420 2002 et
447 1918 627 2002 lactibus
662 1917 860 2033 perlectis
900 1917 1097 2031 turgida,
1138 1896 1327 2034 adeoque
1362 1948 1449 2005 non
1476 1918 1684 2035 Eperlani
1716 1917 1965 2036 progenies,

140 2156 147 2167 ,
263 2101 359 2156 cum
399 2102 483 2186 quo
519 2100 599 2156 nce
633 2101 816 2185 unquam
851 2070 898 2154 in
933 2068 1087 2154 iisdem
1123 2070 1241 2184 aquis
1282 2069 1469 2186 capitur,
1515 2099 1596 2158 nec
1641 2068 1966 2187 longitudinem

262 2222 449 2338 quinque
484 2222 689 2336 pollicum
725 2250 910 2333 unquam
947 2219 1157 2335 adtingit,
1213 2223 1375 2308 foetore
1413 2221 1544 2307 etiam
1577 2221 1721 2339 magis,
1740 2220 1963 2309 notabilis.

262 2383 311 2460 In
341 2371 661 2461 Carntsclratcae
688 2372 829 2458 fluviis
856 2373 917 2458 ita
946 2376 1183 2478 abundant,
1228 2398 1274 2460 ut
1299 2398 1489 2492 tempore
1519 2404 1604 2488 quo
1632 2373 1856 2493 rumpitur
1882 2375 1963 2489 glo·

262 2526 374 2632 cies,
404 2526 456 2636 inv
478 2524 807 2641 aquaeductibus
836 2528 1003 2612 lacuum
1031 2524 1163 2611 saccis
1193 2555 1265 2611 eos
1296 2525 1506 2613 hauriant.

398 2682 587 2765 Descr.
645 2678 826 2763 Maximi
855 2677 1160 2766 Camtschatici
1194 2702 1238 2763 et
1266 2709 1290 2763 e
1318 2679 1413 2763 lacu
1441 2679 1539 2764 albo
1566 2679 1620 2765 ad
1647 2676 1849 2795 quinque
1876 2682 1964 2797 pol·

262 2835 368 2921 lices
407 2816 623 2915 accedunt.
683 2831 833 2931 Formo
861 2831 1137 2946 compressior
1164 2862 1289 2946 quam
1316 2832 1539 2947 Eperlano.
1595 2832 1737 2945 Caput
1772 2831 1965 2918 catheto·

260 2986 470 3102 plateam,
500 2979 648 3066 conice
676 2981 982 3086 acuminatum,
1023 2989 1199 3069 maxilla
1228 2992 1413 3092 inferiore
1440 2983 1575 3067 multo
1602 2981 1835 3097 longiore,
1876 3014 1961 3071 sur·

262 3168 352 3222 sum
381 3130 574 3232 clausili3
619 3135 702 3221 fere
739 3138 952 3248 sequentis
994 3134 1152 3253 speciei
1180 3156 1395 3233 structura.
1454 3138 1585 3218 Frons
1614 3157 1660 3218 et
1686 3114 1847 3224 vertex
1874 3138 1961 3254 pls·

260 3287 465 3390 musculi,
506 3286 671 3400 tugosi;
718 3319 835 3372 nares
861 3310 994 3373 rostro
1023 3287 1264 3373 viciniores.
1323 3287 1446 3372 Oculi
1473 3286 1721 3398 majusculi,
1762 3293 1875 3377 iride
1903 3322 1959 3375 ar·

258 3465 423 3557 gentes,
454 3448 611 3555 papilla
641 3443 907 3524 subrotunda.
939 3442 1126 3528 Flabella
1154 3442 1411 3525 branclrialia
1436 3439 1672 3523 sexrediata
1693 3446 1809 3557 (quo
1831 3444 1958 3530 etiam

261 3600 312 3679 ab
341 3592 550 3706 Eperluno
578 3593 753 3676 differt.
811 3593 1018 3678 Denticuli
1048 3591 1319 3677 minutissimi
1346 3613 1390 3675 et
1418 3591 1491 3674 vix
1519 3592 1746 3706 conspicui
1774 3596 1825 3681 in
1857 3629 1957 3682 mar·

260 3745 358 3858 gine
392 3742 655 3826 maxillarum
686 3766 729 3826 et
758 3744 1037 3858 appendicum
1067 3744 1341 3847 fraenalium,
1387 3743 1434 3826 in
1476 3743 1618 3857 palato
1648 3746 1827 3860 duplici
1855 3752 1957 3835 serie

259 3898 513 4008 irrterrupta5
559 3893 718 4005 aliquot
748 3897 963 3999 majusculi
993 3895 1039 3979 in
1070 3896 1209 3980 antica
1237 3916 1355 4010 parte
1383 3895 1545 4008 palati;
1585 3896 1762 4009 linguae
1792 3905 1958 3988 subula·

259 4071 327 4132 tae
356 4043 594 4161 superficies
635 4068 723 4131 tota
767 4070 967 4162 asperata.
1025 4054 1071 4132 P.
1116 4054 1340 4162 pectorales
1384 4045 1585 4159 hyalinae
1633 4081 1680 4130 ro
1712 4052 1959 4157 radiorum

256 4205 455 4286 ventrales
482 4198 634 4282 dorsali
664 4197 909 4312 oppositae,
951 4200 1259 4317 octoradiatae,
1304 4200 1577 4313 appendicula
1613 4200 1750 4288 nulla.
1811 4213 1860 4291 P.
1890 4216 1958 4291 arri

258 4371 496 4436 constanter
523 4347 734 4434 radiorum
770 4367 830 4440 15.
889 4355 1013 4440 Dorsi
1042 4367 1067 4437 ὃ
1098 4354 1151 4435 ad
1181 4386 1204 4457 9
1235 4350 1464 4452 radiorum3
1495 4351 1673 4467 adipata
1700 4359 1954 4473 perexigua,

256 4483 588 4587 membranacea.
648 4507 806 4617 Corpus
834 4533 1117 4618 compressum
1145 4505 1327 4617 squamis
1356 4503 1621 4615 majusculis,
1668 4506 1804 4593 focile
1836 4508 1954 4595 deci·

256 4654 375 4753 cluis3
405 4660 519 4737 color
547 4654 660 4739 dorsi
688 4685 867 4771 gryseo·
885 4656 1124 4754 virescens,
1151 4652 1477 4769 subdiaphanus,
1511 4656 1694 4742 laterum
1724 4662 1950 4776 purissime

256 4824 502 4918 argenteus,
532 4803 579 4893 iu
607 4806 706 4895 vivo
732 4808 849 4924 pisce
876 4829 1201 4927 purpurasceute
1229 4808 1444 4919 relucens,
1473 4808 1638 4926 ubique
1664 4812 1842 4932 punctis
1869 4811 1945 4901 mi·
