4404 5902
257 348 359 497 s'oli'
1035 384 1184 463 εξ
1338 382 1345 405 “’

255 604 384 700 lacil'e
415 611 513 714 fere
540 605 651 696 vivit
676 603 793 695 enim
819 603 866 693 in
885 588 1001 722 puris
1024 628 1078 692 et
1103 601 1293 722 impuris,
1321 604 1423 694 imo·
1438 604 1636 694 subsalsis
1662 606 1826 724 primus
1855 636 1963 697 nem·

258 794 337 881 per
364 786 428 849 est
465 766 726 849 desertorum
754 762 823 846 vel
850 760 1021 845 noviter
1048 781 1290 845 exortorum
1316 760 1483 845 lacuum
1509 781 1554 844 et
1578 782 1823 875 stagnorum
1851 764 1966 849 colo·

260 942 365 1019 nus,
406 919 523 1026 cujus
571 911 619 998 in
662 908 916 997 Isetensibus
956 910 1116 1027 campis
1152 907 1402 1026 praesertim
1434 910 1583 995 crebro
1620 934 1721 997 sunt
1744 914 1961 1029 exemplu

263 1071 433 1180 Hyeme
461 1063 691 1150 acervatim
717 1083 889 1178 torpent
914 1062 961 1147 in
987 1063 1119 1148 fundo
1155 1088 1313 1175 equae,
1355 1088 1437 1147 nec
1474 1060 1522 1144 in
1560 1060 1765 1166 lacubus,
1803 1064 1883 1179 qui
1909 1067 1961 1150 ad

267 1210 446 1301 fundum
475 1218 606 1330 usque
632 1212 972 1328 conglaciantur,
1014 1212 1139 1301 fenile
1167 1233 1371 1327 pereunt3
1403 1209 1573 1297 'etenim
1606 1211 1709 1299 nive
1747 1213 1893 1300 obruti
1918 1238 1959 1299 et

266 1396 379 1480 nque
414 1362 568 1479 frigida
594 1362 753 1478 hyeme
780 1361 938 1479 perfusi
967 1386 1091 1477 atque
1132 1363 1269 1477 glacie
1304 1360 1526 1448 incrustari
1560 1361 1794 1449 transmitti
1840 1364 1959 1479 longe

268 1511 444 1633 possunt
471 1538 515 1600 et
541 1515 589 1600 in
618 1514 771 1630 frigida
797 1530 927 1626 equa,
956 1513 1147 1628 liquente
1174 1515 1296 1619 nive,
1326 1514 1468 1598 denuo
1494 1512 1768 1600 reviviscunt.
1828 1521 1879 1601 In
1904 1516 1954 1600 ls-

270 1669 402 1753 cubus
429 1666 481 1751 ad
499 1672 659 1750 Lenem
685 1664 798 1749 eirca
818 1666 996 1750 Jskutzk
1021 1662 1178 1781 hyeme
1204 1662 1365 1751 rettlrns
1390 1662 1517 1777 plone
1545 1662 1706 1779 torpidi
1734 1664 1952 1751 extrahun-

270 1839 353 1921 tur,
382 1840 426 1902 et
453 1815 624 1901 selectis
653 1814 899 1927 majoribus,
928 1817 1083 1930 reliqui
1109 1816 1228 1932 equis
1256 1814 1486 1900 redduntur
1512 1842 1643 1901 verno
1669 1836 1823 1929 tepore
1851 1816 1944 1901 reti·

267 1966 412 2055 rituti.
471 1972 566 2083 Ipse
603 1962 651 2048 in
689 1965 849 2081 oppido
885 1967 1139 2080 Selenginsk
1179 1966 1272 2051 vidi
1307 1944 1518 2052 Cemssim
1557 1993 1582 2051 e
1616 1970 1733 2050 Lacu
1768 1987 1942 2050 recenter

268 2087 542 2233 depiomptos
582 2128 635 2201 et'v
665 2118 800 2203 cellae
840 2115 1011 2229 glaciali
1051 2117 1195 2201 illatos
1231 2144 1362 2228 usque
1397 2116 1452 2200 sd
1483 2114 1654 2201 tertiam
1693 2117 1813 2202 diem
1839 2138 1936 2200 extn

269 2297 425 2382 squam
464 2268 596 2351 vitem
636 2266 915 2351 continuasse.
986 2265 1097 2354 Hinc
1145 2297 1229 2352 non
1265 2296 1343 2381 pro
1370 2265 1542 2351 Fabulis
1584 2263 1804 2352 habendus
1839 2268 1932 2351 locu

269 2420 465 2504 Plinii
505 2423 524 2526 (
532 2421 625 2502 hist.
654 2436 739 2501 not.
767 2416 840 2501 lib.
868 2412 944 2498 IX.
973 2448 1062 2530 cop.
1096 2425 1189 2529 57.)
1232 2390 1307 2521 „in
1335 2415 1457 2501 Ponti
1494 2414 1667 2529 regione
1694 2409 1928 2532 apprehendi

271 2564 439 2682 „glacie
465 2564 647 2683 piscium
676 2564 862 2651 maxime
881 2556 1118 2663 essiones,
1149 2566 1318 2653 nonnisi
1347 2565 1585 2682 patinorum
1613 2569 1757 2653 colore
1784 2564 1926 2651 vimen

271 2722 437 2806 motum
465 2718 672 2801 fetentes“
702 2738 746 2800 et
772 2713 881 2800 illud
910 2716 1112 2803 Ouidii
1139 2720 1286 2827 (Trist.
1313 2720 1390 2800 ΠΙ.
1423 2724 1524 2830 eleg.
1561 2750 1622 2800 ro.

599 2864 797 2951 Vidimus
822 2865 867 2950 in
895 2866 1031 2980 glacie
1058 2868 1196 2982 pisces
1223 2866 1398 2952 haerere
1424 2863 1577 2980 ligatos
1593 2901 1622 2968 ς-

599 3018 683 3099 Sed
705 3047 806 3131 pars
832 3044 889 3101 ex
916 3016 1005 3100 illis
1031 3040 1121 3102 tum
1149 3032 1317 3132 quoque
1346 3017 1444 3103 viva
1471 3012 1568 3103 luit.

407 3166 533 3252 Not.
586 3163 867 3251 Pulcherrimi
901 3190 947 3251 et
979 3171 1115 3251 aurati
1141 3168 1335 3256 Cernssii·
1352 3180 1397 3255 in
1425 3172 1581 3285 stagnis
1613 3170 1774 3259 deserti
1800 3158 1922 3282 erupiti

269 3317 499 3403 secundum
528 3314 773 3431 Rhymnum
819 3319 917 3402 fluv.
959 3339 1004 3402 et
1046 3319 1177 3404 mirne
1215 3318 1512 3435 pulcritudinis
1554 3325 1745 3409 menime
1779 3323 1823 3407 in
1856 3320 1921 3401 n'ro

268 3469 379 3552 salso
410 3448 690 3583 (Solanon)
725 3468 905 3553 eundem
932 3498 1066 3584 prope
1093 3470 1297 3584 oppidum
1326 3474 1604 3560 Coseccorum
1630 3474 1843 3561 influente.
1887 3471 1920 3547 1⁰

269 3615 368 3700 locu
394 3620 504 3702 ltlsul
529 3645 771 3731 camporum
799 3622 853 3704 nd
882 3626 1082 3716 lsettum,
1111 3620 1286 3725 limoso,
1323 3622 1483 3739 triplex
1510 3624 1797 3712 Cornssiorum
1823 3618 1920 3708 varie

269 3786 335 3850 tas
362 3768 522 3870 colore,
551 3756 743 3853 scilicet:
772 3767 935 3884 vulgari
961 3769 1266 3877 cinerescente,
1298 3773 1538 3859 obscuriore
1564 3778 1761 3862 subfusco
1787 3798 1829 3860 et
1856 3764 1920 3887 pd-

268 3914 363 4003 lido
387 3917 652 4004 flavescente.
683 3968 737 3984 -
766 3920 891 4005 Circa
920 3926 1101 4032 Tjumen
1129 3923 1177 4005 in
1205 3924 1300 4007 lecu
1328 3927 1510 4041 quodam
1535 3928 1689 4015 dantur
1716 3926 1845 4043 magis
1869 3922 1918 4007 ob

267 4067 417 4184 longi,
443 4068 733 4180 teretiueculi,
763 4071 1044 4190 Carpionibus
1070 4071 1322 4161 subsimiles.

957 4354 1272 4393 m
