4404 5902
343 421 434 517 368
1120 456 1266 514 a

347 654 484 738 Pauca
528 653 771 770 frequentat
809 654 1005 762 llumina,
1070 662 1281 744 aversatur
1308 651 1419 760 alia,
1468 680 1552 741 neo
1578 648 1664 740 nisi
1689 647 1905 759 solitarius
1935 651 2044 745 adit.

346 801 581 920 Capiuntur
607 808 654 893 in
682 808 821 895 fluviis
851 806 1171 898 Camtschatcae
1207 839 1337 925 usque
1375 808 1428 894 ad
1467 808 1592 893 linem
1619 802 1761 904 iunii,
1801 826 1910 891 tunc
1939 806 2073 893 vero'

347 950 395 1039 in
423 957 744 1044 mediterraneis
784 968 870 1073 jam
907 962 1106 1071 multum,
1127 960 1354 1046 amiserunt
1387 957 1546 1077 gratiae
1559 1019 1572 1059 ,
1613 955 1835 1043 macilenti
1863 957 1973 1045 facti
1999 988 2046 1049 et

343 1107 474 1222 guttis
514 1108 646 1224 nigris
687 1112 905 1229 turdorum
942 1110 1076 1197 instar
1115 1111 1318 1199 maculosi
1358 1112 1471 1198 facti.
1527 1116 1634 1196 Prae
1672 1108 1853 1222 reliquis
1897 1138 2045 1202 autem

340 1261 579 1345 Truttaceis
591 1324 606 1362 ,
635 1264 802 1379 quando
828 1292 854 1350 e
883 1264 989 1349 mari
1017 1264 1217 1369 veniunt,
1260 1263 1374 1350 cauti
1401 1284 1498 1350 sunt
1525 1283 1571 1348 at
1595 1259 1766 1366 timidi,
1813 1261 1894 1347 diu
1925 1264 2043 1353 circa

341 1411 451 1495 ostia
477 1410 524 1495 in
552 1412 659 1498 mari
686 1437 909 1501 versantes.
968 1421 1103 1529 Quam
1132 1415 1315 1531 primum
1343 1444 1469 1521 vero,
1504 1415 1582 1499 sub
1607 1414 1734 1499 linem
1761 1413 1872 1526 Maji
1902 1447 1930 1500 a
1956 1419 2045 1506 col·

340 1559 457 1647 luvie
485 1594 685 1678 aquarum
714 1566 917 1651 nivalium
946 1568 1066 1652 lluvii
1100 1566 1406 1670 intumescunt,
1448 1562 1654 1685 gregatim
1692 1566 1964 1653 adscendunt
1998 1596 2044 1657 et

343 1733 446 1798 tunc
477 1714 641 1831 copiosi
670 1741 715 1802 et
741 1716 896 1832 optimi
923 1719 1159 1834 capiuntur.
1186 1727 1324 1809 Tanto
1353 1748 1452 1805 vero
1479 1717 1642 1832 impetu
1663 1716 1861 1801 adversus
1889 1720 2041 1837 rapida

336 1861 415 1949 illa
444 1867 616 1952 llumina
644 1869 873 1974 enituntur,
902 1892 950 1956 ut
978 1902 1177 1986 aquarum
1206 1894 1325 1959 motu
1354 1873 1581 1956 adventum
1611 1896 1728 1950 sunm
1748 1866 2038 1982 piscatoribus

338 2012 543 2102 indicent.
619 2018 937 2107 Camtschadali
963 2043 1063 2108 tunc
1090 2023 1136 2108 in
1166 2026 1295 2109 altera
1323 2023 1414 2141 ripa
1442 2016 1627 2106 fluminis
1653 2016 1835 2105 corticea
1863 2022 2040 2113 betulaa

338 2167 505 2253 rubrica
534 2166 715 2255 inlectos
742 2169 789 2257 in
817 2170 992 2284 perticis
1022 2197 1234 2274 statuunt,
1261 2204 1437 2289 quorum
1465 2172 1612 2257 umbra
1637 2168 1683 2255 in
1711 2167 1900 2286 limpida
1931 2206 2036 2293 aqua

335 2320 475 2437 pisces
494 2343 624 2406 terret
643 2341 687 2406 et
710 2350 853 2412 versus
877 2325 1052 2411 alteram
1075 2326 1210 2441 ripam
1232 2326 1370 2443 pellit,
1399 2327 1472 2410 ubi
1489 2352 1587 2408 cum
1614 2319 1775 2407 retibus
1800 2349 2035 2441 expectant

335 2469 578 2587 piscatores.
646 2477 785 2588 Quam
812 2474 997 2593 primum
1026 2502 1166 2564 autern
1196 2477 1438 2564 fluminibus
1464 2472 1695 2560 succedunt
1720 2471 1769 2557 hi
1797 2472 1945 2581 pisces
1972 2478 2033 2564 ni·

336 2619 403 2709 hil
435 2605 639 2740 amplius,
685 2628 739 2711 ad
766 2650 947 2712 mortam
975 2659 1131 2745 nsque,
1173 2629 1262 2716 cibi
1289 2628 1488 2748 capiunt,
1522 2626 1598 2711 sed
1624 2623 1770 2710 labore
1798 2646 1846 2712 et
1876 2628 2033 2731 media,

339 2797 561 2890 postquam
590 2807 671 2863 ova
698 2800 747 2863 et
772 2779 903 2864 lactes
932 2788 1201 2899 projecerunt
1227 2805 1275 2867 ut
1300 2780 1550 2896 Lycaod0n‚
1606 2774 1941 2892 lagacephalns,
1989 2802 2033 2868 et

334 2929 522 3012 Proteus.
578 2933 629 3014 In
670 2926 909 3016 ventriculo
950 2954 995 3016 et
1035 2933 1340 3050 appendicibus
1365 2955 1454 3018 tum
1489 2926 1604 3017 nihil
1627 2948 1798 3043 praeter
1823 2926 2033 3047 chymnrn

333 3073 538 3165 invenias.
593 3079 780 3167 Primum
819 3080 979 3197 piscem
1019 3085 1094 3169 ubi
1132 3084 1300 3172 incolas
1340 3082 1539 3200 capiunt,
1580 3080 1629 3166 in
1664 3080 1763 3166 loco
1797 3085 2034 3171 comedunt

333 3230 512 3334 festive,
557 3261 676 3318 more
705 3231 845 3348 patrio
876 3260 1195 3353 praeparantes,
1253 3235 1496 3322 saltationes
1521 3229 1750 3317 instituunt
1775 3252 1825 3317 et
1853 3232 2031 3323 libidini

329 3379 567 3495 indulgent
596 3389 691 3470 Nec
722 3385 948 3472 lautiorem
976 3388 1119 3472 cibum
1147 3388 1195 3473 in
1222 3411 1314 3474 toto
1345 3389 1446 3474 orbe
1473 3381 1669 3471 invenire
1689 3412 1815 3500 posse
1838 3388 2030 3487 credunu

331 3535 580 3644 praesertim
610 3557 748 3622 autem
777 3539 917 3654 capita
946 3542 1074 3624 cruda
1104 3539 1150 3623 in
1180 3538 1349 3624 deliciis
1377 3537 1537 3624 habent
1557 3556 1648 3620 tota
1669 3559 1828 3650 quanta
1842 3540 2030 3625 medulla

330 3702 377 3765 et
404 3711 527 3768 succo
555 3686 821 3800 sapidissimo
850 3692 1016 3774 referta.
1072 3693 1139 3774 De
1166 3720 1220 3777 eo
1247 3690 1364 3774 idem
1390 3690 1619 3788 celebrant,
1647 3688 1762 3800 quod
1789 3694 2029 3777 lmutenses

329 3834 384 3917 de
412 3835 545 3920 oculis
574 3842 615 3922 S.
646 3847 905 3950 migratorii:
947 3868 1071 3946 eum,
1114 3870 1292 3957 nempe,
1329 3842 1416 3955 qui·
1432 3860 1560 3958 caput
1586 3834 1711 3951 hujus
1738 3836 1878 3953 piscis
1907 3843 2030 3959 degn·

326 3987 524 4092 navarit,
568 4019 784 4103 nunquam
826 3992 1174 4079 eCamtschatca
1203 3994 1248 4078 in
1278 3992 1471 4078 Rossiam
1496 4018 1775 4077 reversurum.
1836 4002 2027 4086 Adscen·

328 4137 434 4221 dunt
462 4136 511 4222 hi
540 4142 757 4224 Salmonea
785 4161 950 4226 tantum
986 4153 1163 4258 majores
1198 4144 1347 4232 fluvios
1359 4204 1374 4245 ,
1413 4170 1494 4228 nec
1531 4139 1644 4226 ultra
1684 4154 1810 4229 56⁸w
1852 4154 2028 4264 gradum

326 4287 563 4374 latitudinis
590 4289 718 4375 ullibi
742 4289 857 4377 circa
884 4294 1207 4384 Camtschatcae
1236 4297 1380 4384 littora
1406 4270 1645 4412 capiuntur.
1717 4296 2027 4390 Camtschatca

324 4442 499 4527 fluvium
534 4448 620 4555 jarn
655 4452 765 4528 circa
796 4478 845 4528 aa
876 4446 1036 4561 Aprilis
1074 4450 1258 4555 adeunt,
1300 4451 1342 4532 fl.
1378 4446 1603 4559 Bolschsja
1645 4476 1792 4536 versus
1826 4486 1877 4539 ro
1909 4453 2025 4565 Maji,

321 4616 490 4708 portum
520 4595 562 4675 S.
593 4593 707 4678 Petri
734 4617 778 4678 et
806 4597 924 4680 Pauli
952 4620 997 4681 et
1025 4597 1162 4684 sinurn
1189 4597 1429 4685 Avatschae
1460 4600 1634 4683 demum
1661 4600 1806 4688 lunio.
1861 4608 2028 4691 Haben·

321 4764 390 4828 tur
417 4743 463 4827 in
491 4742 679 4829 maximo
704 4746 866 4859 pretio,
895 4769 940 4832 et
968 4750 1162 4837 omnibus
1189 4752 1283 4837 aliis
1310 4748 1547 4836 anadromia
1574 4772 1911 4867 anteponuntur,
1943 4784 2024 4843 noa

322 4895 458 4982 solum
484 4915 659 5011 propter
691 4896 875 5005 molem,
903 4929 992 5016 qua
1020 4932 1144 5022 saepe
1172 4922 1224 5013 4ο
1255 4927 1300 4991 et
1326 4918 1377 4991 6ο
1405 4900 1534 4989 libras
1559 4900 1752 5021 explent,
1786 4908 1868 4993 sed
1896 4910 2024 4999 etiam
