4404 5902
207 336 366 455 'aro
478 441 491 463 ,
1034 363 1180 423 a

261 567 422 688 quippe
459 593 569 686 qnae
609 558 796 657 iuveris
831 565 974 683 Spatia
1015 563 1179 685 postiae
1199 563 1482 684 interrupta,
1534 561 1584 655 in
1610 565 1759 657 Labris
1792 565 1947 660 hilare

262 725 519 808 observatur.
576 717 806 835 Singularis
841 719 970 808 etiam
1005 718 1146 805 lineae
1179 716 1365 804 lateralis
1400 715 1572 805 habitus
1604 717 1716 805 inter
1743 721 1947 810 sciaenae

262 870 525 961 characteres
551 893 617 957 est
627 931 643 971 ,
670 869 734 958 uti
761 869 951 987 plenaria
977 876 1065 983 ejus
1090 866 1279 954 absentia
1306 865 1354 953 in
1382 865 1532 955 Gobiis
1559 870 1792 977 notabilis,
1823 893 1945 988 prout

266 1022 372 1109 alibi
401 1018 578 1107 dicetur.
634 1021 828 1112 Maximo
855 1022 985 1139 igitur
1017 1028 1137 1135 jure,
1179 1018 1227 1105 in
1268 1017 1524 1104 Labracibus
1568 1021 1745 1128 nostris,
1785 1045 1949 1110 aum

261 1172 467 1277 laterum,
509 1171 649 1258 lineae
675 1173 842 1259 laterali
869 1173 1068 1286 analogae
1094 1193 1139 1257 et
1164 1168 1328 1274 sociae,
1375 1199 1454 1286 pro
1481 1166 1725 1258 charactere
1751 1171 1948 1288 generice

260 1323 488 1427 valebunt,
529 1353 703 1439 quarum
739 1351 915 1411 numero
952 1344 997 1409 et
1029 1321 1114 1407 situ
1142 1319 1309 1407 similes
1337 1322 1382 1408 in
1410 1321 1530 1407 nullo
1556 1321 1642 1409 alio
1667 1321 1856 1439 piscium
1876 1350 1949 1439 ge·

263 1503 393 1579 uere,
432 1502 512 1559 nec
539 1473 585 1560 in
612 1475 703 1559 ullo
729 1473 816 1561 alio
842 1471 949 1558 mari
976 1469 1184 1557 hactenus
1211 1474 1449 1558 observatas
1475 1500 1566 1557 ease
1593 1474 1698 1561 scio.
1765 1471 1951 1561 Accedit

264 1623 395 1709 etiam
422 1592 646 1738 peculiaris
682 1626 847 1712 babitus
883 1649 927 1711 et
963 1623 1187 1742 pinnarum
1222 1644 1451 1729 structura,
1489 1623 1579 1711 imo
1614 1625 1663 1711 iu
1696 1624 1949 1740 quibusdan

262 1774 486 1889 speciebus
514 1803 611 1859 curu
638 1773 829 1860 Blenniis
857 1775 1047 1861 affinitas.
1120 1771 1389 1858 Conveniunt
1429 1795 1568 1859 autem
1597 1777 1837 1860 Labracum
1862 1800 1945 1890 spe·

175 1993 178 1999 .
261 1922 349 2009 cies
376 1921 488 2009 mihi
514 1923 736 2038 cognitae:
763 1957 932 2041 corpore
960 1922 1245 2028 crassiusculo,
1276 1924 1486 2038 elongato,
1513 1923 1741 2012 imbricato
1767 1931 1945 2042 squamis

257 2073 531 2174 minusculis,
559 2075 772 2192 oblongis,
799 2072 1200 2191 asperato-ciliatis,
1231 2102 1358 2191 saepe
1383 2073 1432 2159 in
1458 2074 1585 2160 series
1612 2072 1943 2188 longit'udiuales

261 2222 459 2338 digestim
486 2234 638 2312 succus
661 2225 709 2311 in
735 2249 912 2340 utroque
941 2225 1073 2310 latere
1101 2226 1155 2309 ad
1183 2227 1351 2312 dorsum
1379 2247 1425 2311 et
1455 2226 1509 2311 ad
1531 2247 1725 2310 ventrem
1746 2222 1942 2339 pluribus,

263 2372 528 2490 totidemque
556 2376 835 2460 musculorum
864 2373 1085 2471 divortiis3
1119 2406 1187 2460 ore
1213 2374 1460 2479 sublabiato‚
1489 2397 1651 2460 tanturn
1680 2375 1939 2460 maxillarum

261 2523 520 2639 marginibus
547 2527 720 2613 dentato
732 2560 749 2622 ‚·
775 2532 974 2639 operculis
999 2521 1295 2611 branchiamm
1321 2523 1575 2625 inermibus,
1601 2547 1698 2611 cute
1728 2521 1936 2639 angulatis

260 2703 357 2761 cum
384 2697 479 2761 toto
505 2677 594 2762 fere
629 2675 772 2791 capite
805 2672 1079 2790 squamulosis
1091 2711 1107 2776 3
1161 2675 1356 2761 flabellis
1394 2676 1718 2788 brauclriosregis
1757 2674 1932 2791 quinque

243 2824 334 2908 ‘rel
358 2823 636 2924 sextadiatis;
675 2835 809 2943 pinnis
834 2825 1066 2911 dorsalibus
1093 2825 1398 2930 subcounexis,
1438 2856 1535 2915 auur
1561 2834 1676 2915 anuli
1703 2824 1936 2915 inermibus

261 2975 536 3088 pectoralibus
562 2976 750 3095 magnis,
792 2974 1181 3083 flabelliformibus‚
1215 2975 1464 3089 casualibus
1490 2980 1567 3068 sub
1593 2942 1773 3063 lhorace
1803 2998 1933 3092 sppro

261 3119 464 3227 ximatis,
503 3126 778 3242 omniumque
806 3130 894 3213 fere
921 3125 1172 3242 pinnarum,
1215 3148 1382 3243 praeter
1417 3129 1596 3217 caudam
1621 3133 1693 3237 (ut
1718 3127 1933 3249 plurimun

257 3268 486 3391 integram)
515 3274 646 3365 radiis
669 3279 916 3395 plerumque
945 3275 1222 3391 simplicibus,
1248 3279 1324 3362 sed
1350 3275 1581 3365 inermibus
1593 3316 1606 3381 ς
1634 3300 1683 3364 ut
1709 3278 1855 3394 itaque
1880 3291 1933 3358 sat

258 3423 403 3509 multis
431 3428 659 3515 momentis
694 3462 718 3515 a
748 3428 894 3515 Labris
937 3449 981 3515 et
1007 3429 1147 3542 Sparis
1187 3427 1364 3514 aliorum
1403 3429 1607 3530 marium,
1650 3429 1727 3544 qui
1763 3420 1929 3512 veroin

260 3575 435 3661 Oceano
471 3580 602 3666 boreo
616 3629 631 3646 ·
646 3577 845 3669 orientali
884 3579 1011 3692 plane
1052 3580 1194 3665 abesse
1237 3579 1459 3684 ridentur,
1513 3581 1728 3666 differant.
1785 3579 1930 3662 vivunt

212 3742 216 3750 '
261 3747 400 3809 autem
426 3757 572 3814 omues
599 3729 761 3845 species
788 3729 900 3815 circa
926 3728 1069 3814 littora
1108 3731 1349 3842 confragosa
1377 3729 1699 3820 Camtschatcae
1740 3753 1787 3815 et
1816 3751 1925 3842 oppc

258 3874 394 3978 sitae,
423 3907 520 3965 curu
546 3878 725 3984 insulis,
757 3879 993 3983 American,
1023 3885 1219 3995 circaque
1249 3882 1412 3966 Curilas
1439 3881 1615 3985 insulas,
1643 3903 1689 3967 et
1715 3883 1826 3967 forte
1849 3872 1922 3993 plu·

258 4055 324 4113 res
353 4026 491 4115 adhuc
520 4058 774 4147 congeneres
810 4031 972 4146 species
1008 4028 1055 4116 iu
1092 4032 1168 4116 illa
1207 4029 1349 4146 pelagi
1380 4055 1500 4146 parte
1535 4056 1798 4146 agnoscunt,
1841 4049 1922 4143 quw

257 4181 448 4264 nondum
473 4178 683 4284 norimus,
710 4182 955 4297 praesertim
983 4180 1082 4296 quia
1109 4178 1193 4265 boc
1220 4181 1401 4295 piscium
1428 4212 1557 4297 genus
1582 4187 1792 4300 profunda
1818 4171 1921 4265 maris

261 4336 433 4443 ejusque
473 4331 648 4415 fundum
688 4361 827 4417 amare
869 4333 1087 4436 videatur,
1129 4343 1254 4416 omne
1292 4331 1454 4446 magnis
1494 4355 1539 4417 et
1578 4334 1761 4420 robustis
1802 4320 1918 4447 pinnis

257 4500 543 4596 tempestuoso
570 4479 649 4567 illo
675 4482 781 4572 mari
809 4505 1011 4600 aptatum.
1082 4481 1278 4598 Species,
1320 4511 1428 4599 quae
1468 4487 1522 4570 ad
1546 4514 1617 4570 rue
1644 4493 1912 4600 pervenerunt

257 4652 354 4717 suut
378 4652 631 4749 sequentesr
