4404 5902
767 642 850 744 37.
932 628 1324 729 COLUBER
1395 638 1764 726 sauromates.

561 915 609 1004 C.
639 944 762 1032 supra
801 908 1013 1025 nigricans
1053 911 1308 993 flavescente
1344 903 1534 1010 striatas,
1587 908 1735 992 subtus.
1758 909 1909 1017 flavus,
1968 910 2114 1029 cupite

416 1067 547 1155 fusco.

446 1259 449 1265 ’
556 1217 880 1336 Copiosissimus
906 1246 1002 1301 cum
1032 1213 1127 1298 aliis
1153 1217 1200 1298 in
1229 1214 1336 1299 fossa
1363 1212 1569 1300 isthmum
1582 1220 1916 1330 Perecopensem
1939 1239 2115 1303 secante

414 1401 459 1464 et
484 1376 530 1461 in
558 1372 696 1491 planis
725 1366 977 1459 Chersonesi
1013 1367 1199 1451 tauricae
1235 1388 1279 1451 et
1315 1395 1562 1482 camporum
1595 1369 1647 1450 ad
1686 1364 1993 1481 Borysthenem
2023 1399 2117 1456 non

414 1529 679 1643 infrequens,
724 1522 917 1640 sequenti
948 1517 1237 1636 magnitudine
1268 1541 1312 1603 et
1338 1520 1480 1605 colore
1508 1517 1664 1621 affinis,
1705 1519 1784 1603 sed
1807 1548 1986 1606 numero
2019 1551 2116 1607 scu·

410 1704 548 1767 torum
577 1677 756 1763 nimium
791 1699 995 1789 quintum
1023 1674 1180 1757 differt.
1986 1740 1991 1749 ,

551 1835 728 1918 Descr.
783 1827 1017 1939 Lougr'tudo
1046 1826 1098 1907 sd
1126 1822 1514 1938 quinquepedolem
1553 1822 1734 1910 aceedit.
1800 1829 1950 1913 Vertere
1977 1824 2113 1941 nigri·

411 2008 524 2088 cans
553 1990 731 2070 annulus
755 1977 925 2064 nuchae
951 1975 1163 2092 nigricans
1190 2004 1302 2092 pone
1330 1976 1552 2064 verticem.
1593 1979 1797 2092 Squumoe
1824 2009 1948 2093 supro
1973 1979 2113 2093 nigri·

411 2161 581 2241 cantes,
635 2138 745 2220 ssavo
773 2130 1052 2243 marginutae,
1109 2126 1313 2212 lateribus
1338 2125 1463 2212 latius
1492 2131 1604 2213 flauo
1627 2126 1944 2236 interstinctus,
1983 2135 2108 2220 unde

411 2290 543 2376 lutera
585 2281 954 2399 longitudinsliter
991 2278 1136 2364 striata
1173 2302 1388 2394 apparent.
1459 2283 1584 2366 Scuto
1614 2281 1899 2367 abdominaiia
1926 2312 2110 2372 numero

417 2472 507 2527 ron.
537 2435 710 2539 citrino,
740 2434 940 2549 utrinque
964 2433 1093 2518 litura
1116 2431 1231 2517 heca
1242 2467 1264 2528 ς
1296 2442 1367 2518 oni
1394 2441 1629 2549 operculum
1655 2433 1842 2522 bifidum.
1898 2439 2113 2552 Squumue

411 2591 683 2681 subuaudales
712 2603 780 2696 64.
812 2584 1020 2704 parium.¹

811 2818 892 2907 38.
966 2806 1360 2905 COLUBER
1442 2815 1707 2908 trabolis.

550 3046 600 3135 C.
630 3073 805 3162 corpore
833 3073 955 3158 supra
982 3038 1147 3156 pallido
1172 3041 1344 3144 striato,
1381 3046 1529 3131 subtus
1551 3046 1674 3129 ssavo.

629 3199 815 3286 Coluber
853 3192 1037 3310 caspius,
1089 3197 1259 3310 Lepech.
1302 3205 1391 3281 itin.
1426 3201 1461 3281 1.
1489 3230 1531 3316 p.
1562 3210 1657 3312 3¹7·
1685 3197 1771 3283 tob.
1801 3229 1867 3283 or.
1923 3201 2104 3289 Gmelin.

682 3372 788 3462 syst.
818 3354 907 3434 Lin.
937 3351 1013 3430 m.
1044 3379 1085 3462 ps
1122 3380 1244 3432 1112.
2104 3358 2123 3383 ⁹

504 3499 694 3591 ·Rossiee
720 3502 847 3615 vulgo
874 3502 1089 3615 Sheltopds
1116 3501 1427 3618 (flaviventris).

545 3653 736 3740 Maxima
775 3653 888 3737 inter
927 3648 1129 3740 nostrates
1171 3655 1358 3770 species,
1414 3657 1488 3742 sed
1522 3656 1664 3743 colore
1706 3655 1819 3743 dorsi
1847 3679 1892 3742 et
1919 3688 2104 3748 numero

409 3833 620 3898 scutorum
646 3804 883 3909 variabilis,
913 3830 959 3891 ut
987 3807 1138 3891 iterata
1164 3809 1440 3923 plurimorum
1469 3808 1746 3926 speciminum
1777 3809 2097 3923 comparatione

410 3984 545 4078 egeat.
601 3965 681 4044 Per
707 3987 832 4045 omne
861 3963 1072 4044 desertum
1099 3962 1366 4066 Tataricom,
1420 3960 1737 4078 uBorysthene
1767 3965 1819 4046 ad
1846 3961 2101 4076 Rhymnum

406 4137 453 4200 et
479 4141 592 4198 mare
621 4110 830 4227 caspium,
885 4135 932 4196 ut
960 4109 1077 4196 etin
1104 4110 1368 4200 Chersoneso
1395 4115 1576 4217 taurica,
1628 4117 1869 4229 frequenter
1895 4113 2100 4218 occurrit,

403 4264 452 4352 in
479 4260 791 4350 australioribus
818 4284 982 4348 tantum
1008 4286 1052 4349 et
1080 4262 1326 4350 aridissimis
1354 4269 1539 4380 gaudens
1567 4267 1763 4371 desertis,
1823 4265 1895 4352 ubi
1923 4264 2101 4352 cunicu-

403 4419 468 4504 l'os
494 4415 541 4500 in
569 4413 678 4500 locis
705 4414 892 4532 abruptis
931 4439 975 4500 et
1015 4418 1272 4533 confragosis
1308 4448 1331 4501 a
1363 4419 1548 4504 muribus
1574 4441 1739 4536 paratos
1765 4446 1843 4534 pro
1871 4417 2101 4507 domicilio

402 4566 549 4682 eligit,
577 4568 652 4652 sed
688 4566 876 4653 interdiu
902 4594 1021 4655 extra
1049 4593 1213 4655 antrum
1240 4594 1413 4685 vagatur
1439 4594 1485 4656 et
1513 4571 1919 4687 appropinquantem
1948 4567 2098 4657 homi·

402 4746 523 4825 nem,
578 4718 712 4806 immo
751 4751 905 4835 equum
946 4754 1030 4809 non
1068 4721 1215 4822 timet,
1269 4724 1343 4808 sed
1385 4725 1500 4809 lente
1542 4724 1596 4809 ad
1638 4722 1817 4808 latebras
1843 4720 1957 4808 redit
1984 4744 2031 4808 et
2057 4723 2100 4811 si

395 4902 583 4992 pressum
624 4902 668 4958 se
710 4873 840 4960 sensit
882 4874 929 4959 in
967 4879 1115 4964 orbem
1158 4877 1361 4965 collectus
1401 4876 1514 4963 elata
1550 4875 1693 4993 priore
1730 4897 1852 4993 parte
1885 4874 2096 4995 corporis,
