4404 5902
1051 229 1199 286 ΕΞ
1878 215 1967 324 169

309 435 558 558 quadrifidum
613 453 826 521 caeterum
857 455 1102 520 ornamenta
1130 434 1281 552 capitis
1309 435 1437 523 nulla.
1507 436 1712 557 Opercula
1747 437 1968 528 branchia·

310 624 378 694 rum
402 588 672 692 brevissima,
702 587 875 691 mollia,
904 589 1019 704 pelle
1048 584 1213 674 hiatum
1243 591 1518 705 marginalem
1547 617 1697 679 exacte
1725 564 1961 704 claudente,

303 746 456 856 flabellis
482 741 807 856 quadriradiatis
834 742 1064 846 continua,
1105 764 1150 826 et
1175 741 1325 827 collari
1351 742 1556 830 isthmum
1584 746 1707 860 gulae
1734 745 1976 850 ambiente..

313 901 436 1012 Carpus
462 893 701 994 lubricum,
755 894 1041 1011 alepidotum,
1099 898 1223 981 dorso
1251 898 1428 1010 porcino
1456 902 1508 983 ab
1537 898 1629 1014 ipsa
1656 896 1795 985 nucha
1823 929 1961 985 versus

313 1050 487 1136 dorsalem
513 1045 689 1164 pinnam
718 1069 955 1160 assurgente
985 1047 1188 1162 (gravidis
1216 1049 1476 1162 obtusiore),
1504 1051 1711 1158 carinato,
1744 1052 1838 1138 alvo
1868 1082 1963 1138 ven-

312 1199 457 1300 tricosa,
512 1201 559 1284 in
587 1197 772 1314 gravidis
811 1198 996 1283 maxima
1025 1203 1137 1313 (Fig.
1169 1209 1228 1314 a.)
1242 1239 1255 1296 ;
1312 1233 1423 1317 pone
1453 1235 1579 1289 anum
1607 1235 1891 1319 compressum
1922 1178 1973 1292 et:¹

309 1351 536 1439 incendam
578 1352 735 1439 sensim
778 1352 1062 1438 adtenuatum.
1135 1358 1252 1440 Anas
1290 1354 1403 1440 circa
1443 1355 1632 1443 medium
1671 1354 1963 1470 longitudinis,

310 1529 469 1621 apertura
496 1505 705 1592 anteriore
733 1505 846 1620 rugis
875 1507 1067 1607 stellata,
1094 1507 1259 1623 postica
1284 1507 1560 1625 tripapillari.
1602 1512 1752 1594 Satara
1779 1509 1965 1594 lateralis

306 1658 420 1745 antioe
444 1662 567 1744 dorso
595 1657 794 1773 propior,
842 1689 963 1774 supra
992 1660 1134 1781 alvum
1163 1684 1354 1761 arcuata,
1398 1642 1627 1746 verruculis
1660 1658 1966 1774 quincunciali·

305 1813 388 1916 ers,
422 1812 520 1898 dein
552 1840 629 1929 per
655 1809 840 1896 mediam
867 1812 1044 1896 caudam
1074 1812 1273 1898 continua
1288 1873 1301 1912 ,
1357 1811 1541 1923 verrucis
1587 1810 1800 1916 minimis,
1853 1835 1967 1898 recta

314 1962 393 2050 stria
415 1998 489 2082 per
515 1964 633 2083 paria
660 1962 965 2079 approximatis
993 1987 1037 2049 et
1063 1995 1140 2080 per
1167 1963 1311 2050 striam
1341 1962 1640 2049 concatenatis.
1697 1967 1850 2052 Pinnae
1877 1995 1966 2050 om·

299 2145 363 2205 aes
387 2121 493 2233 pelle
534 2146 667 2202 crassa
708 2117 1002 2231 subpellucida
1041 2117 1248 2229 vestitae,
1305 2117 1479 2216 molles;
1536 2122 1761 2231 pectorales
1799 2140 1961 2224 ovatae,
2058 2146 2062 2160 ·

282 2271 409 2361 radiis
431 2270 477 2355 in
504 2268 692 2383 margine
721 2267 1029 2382 subdigitatae,
1083 2268 1213 2354 radiis
1248 2282 1309 2355 13.
1349 2267 1636 2384 simplicibus,
1696 2300 1873 2384 quorum
1902 2302 1967 2355 su·

273 2422 461 2547 periores
488 2417 732 2509 brevissimi
744 2479 759 2518 ,
812 2452 959 2507 omnes
999 2425 1124 2508 rubro
1161 2444 1227 2505 ter
1264 2419 1466 2507 annulati.
1539 2422 1583 2504 P.
1610 2430 1810 2508 verstrales
1837 2423 1964 2538 paulo

270 2574 530 2674 anteriores,
565 2574 749 2676 bifidae,
793 2573 944 2678 albae,
981 2571 1124 2662 cirrho
1153 2574 1364 2661 exteriore
1392 2571 1603 2659 breviore.
1659 2576 1707 2658 P.
1737 2575 1849 2659 dorsi
1874 2575 1963 2658 fere
2014 2661 2016 2666 ,

265 2764 298 2821 ι
325 2725 468 2816 nucha
492 2725 725 2843 incipiens,
767 2728 938 2841 fereque
968 2729 1022 2810 ad
1049 2728 1226 2810 caudam
1254 2725 1519 2824 continuata,
1560 2748 1802 2812 constanter
1830 2726 1965 2839 radio-¹

261 2913 370 2974 rum
399 2895 465 2969 33.
492 2843 670 2997 quorum
704 2912 765 2961 12.
794 2875 956 2992 priores
985 2876 1168 2993 spinosi,
1210 2876 1360 2992 rigidi,
1407 2875 1562 2993 reliqui
1589 2876 1768 2983 setacei,
1786 2879 1963 2986 molles,

255 3031 429 3160 postici
453 3034 579 3151 paulo
605 3030 832 3146 longiores.
886 3033 934 3114 P.
963 3040 1032 3114 ani
1059 3033 1289 3115 subserrata
1317 3029 1445 3114 radiis
1477 3065 1542 3113 22.
1571 3029 1768 3133 setaceis,
1828 3028 1965 3116 molli·

256 3196 383 3288 bus3
437 3187 583 3272 Cauda
610 3187 862 3288 rotundata,
909 3181 1037 3268 radiis
1071 3218 1132 3266 12.
1160 3181 1313 3266 bifidis.
1372 3185 1498 3268 Color
1530 3203 1768 3266 constanter
1795 3180 1965 3298 lividus,

254 3345 421 3436 nrbtus
446 3335 673 3455 pallidior,
721 3334 935 3452 incapite
962 3336 1167 3448 dorsoque
1196 3336 1455 3454 luscescens3
1514 3333 1702 3416 maculae
1730 3332 1965 3446 lituraeque

254 3493 419 3585 variae
452 3494 611 3590 fuscae,
665 3517 830 3604 sparsae
867 3512 911 3572 et
944 3485 1119 3572 seriatae
1154 3485 1200 3571 in
1236 3513 1410 3600 corpore
1446 3507 1491 3568 et
1524 3459 1655 3599 pinna
1693 3485 1849 3569 dorsali
1864 3549 1877 3589 ,
1919 3506 1964 3571 et

255 3675 402 3763 saepe
428 3643 572 3758 nigrae
600 3643 654 3727 ad
681 3639 805 3754 hujus
831 3640 971 3743 basin,
1012 3638 1198 3755 simplici
1227 3638 1347 3724 serie.
1408 3643 1455 3722 In
1486 3637 1759 3751 quibusdam,
1799 3638 1963 3755 reliqua

250 3806 409 3892 forma
435 3793 687 3897 simillimis,
743 3791 900 3909 pinnae
939 3792 1175 3906 pectorales
1216 3796 1340 3878 rubro
1378 3821 1463 3875 non
1492 3789 1700 3905 signatae,
1762 3814 1807 3877 et
1836 3788 1964 3876 simul

250 3949 464 4047 mamilae
493 3946 690 4061 utrinque
718 3945 931 4048 laterales,
962 3941 1220 4030 orbiculatae
1249 3966 1411 4060 septem
1439 3943 1651 4059 pallidae,
1683 3942 1964 4058 aequidistan-

247 4135 330 4200 ωε
374 4104 487 4215 (Fig.
519 4109 606 4213 3.).
664 4105 714 4184 In
753 4094 1026 4213 aexpollicari
1067 4094 1301 4210 specimine
1341 4105 1574 4182 intestinam
1617 4064 1870 4182 mesenterio
1910 4094 1957 4182 in

252 4257 483 4350 anfractus
510 4253 739 4339 collectum
766 4253 973 4365 aequabat
1004 4286 1049 4333 ar
1082 4248 1286 4364 pollices3
1344 4251 1575 4338 duodenum
1608 4250 1735 4366 paulo
1770 4247 1962 4366 amplius.

250 4414 437 4502 Ovaria
463 4404 510 4490 in
537 4402 805 4507 ventricosis,
847 4399 1035 4488 crassitie
1062 4399 1256 4518 pollicis,
1290 4402 1500 4516 oblonga,
1544 4402 1680 4489 ovulis
1708 4401 1754 4489 in
1781 4399 1959 4518 tympha

246 4559 532 4663 natantibus,
577 4557 690 4644 mole
717 4555 961 4673 papaveris,
997 4552 1179 4662 flavidis..
1234 4557 1380 4642 Vesica
1408 4568 1528 4673 aerea
1557 4554 1807 4643 submedia
1836 4558 1959 4645 dorso

247 4717 480 4830 oblonga,
510 4704 637 4831 digiti
663 4708 832 4800 minimi
860 4706 1060 4812 crassitie.

1461 4895 1512 4948 aa
1640 4915 1651 4932 ·
