<?xml version="1.0" encoding="UTF-8"?>
<!DOCTYPE html PUBLIC "-//W3C//DTD XHTML 1.0 Transitional//EN"
    "http://www.w3.org/TR/xhtml1/DTD/xhtml1-transitional.dtd">
<html xmlns="http://www.w3.org/1999/xhtml" xml:lang="en" lang="en">
 <head>
  <title>
</title>
<meta http-equiv="Content-Type" content="text/html;charset=utf-8" />
  <meta name='ocr-system' content='tesseract 3.04.00' />
  <meta name='ocr-capabilities' content='ocr_page ocr_carea ocr_par ocr_line ocrx_word'/>
</head>
<body>
  <div class='ocr_page' id='page_1' title='image "./zoographiarosso00pallgoog_0304.png"; bbox 0 0 4404 5902; ppageno 0'>
   <div class='ocr_carea' id='block_1_1' title="bbox 351 394 1269 487">
    <p class='ocr_par' dir='ltr' id='par_1_1' title="bbox 351 394 1269 487">
     <span class='ocr_line' id='line_1_1' title="bbox 351 394 1269 487; baseline -0.011 -26"><span class='ocrx_word' id='word_1_1' title='bbox 351 400 444 487; x_wconf 79' lang='lat'><strong>,29⁰</strong></span> <span class='ocrx_word' id='word_1_2' title='bbox 1122 394 1269 452; x_wconf 61' lang='grc' dir='ltr'><strong>εξ</strong></span> 
     </span>
    </p>
   </div>
   <div class='ocr_carea' id='block_1_2' title="bbox 333 588 2080 2979">
    <p class='ocr_par' dir='ltr' id='par_1_2' title="bbox 333 588 2080 2979">
     <span class='ocr_line' id='line_1_2' title="bbox 343 588 2034 715; baseline 0.001 -27"><span class='ocrx_word' id='word_1_3' title='bbox 343 602 418 689; x_wconf 84' lang='lat' dir='ltr'><strong>sed</strong></span> <span class='ocrx_word' id='word_1_4' title='bbox 457 597 596 686; x_wconf 89' lang='lat' dir='ltr'><strong>minus</strong></span> <span class='ocrx_word' id='word_1_5' title='bbox 619 588 903 700; x_wconf 57' lang='lat' dir='ltr'><strong>&#39;aestimatum</strong></span> <span class='ocrx_word' id='word_1_6' title='bbox 946 622 1025 681; x_wconf 92' lang='lat' dir='ltr'><strong>nec</strong></span> <span class='ocrx_word' id='word_1_7' title='bbox 1063 593 1204 681; x_wconf 90' lang='lat' dir='ltr'><strong>minus</strong></span> <span class='ocrx_word' id='word_1_8' title='bbox 1244 596 1290 678; x_wconf 88' lang='lat' dir='ltr'><strong>in</strong></span> <span class='ocrx_word' id='word_1_9' title='bbox 1332 592 1470 680; x_wconf 85' lang='lat' dir='ltr'><strong>fluviis</strong></span> <span class='ocrx_word' id='word_1_10' title='bbox 1510 595 1764 711; x_wconf 85' lang='lat' dir='ltr'><strong>majoribus,</strong></span> <span class='ocrx_word' id='word_1_11' title='bbox 1809 624 2034 715; x_wconf 84' lang='lat' dir='ltr'><strong>eorumque</strong></span> 
     </span>
     <span class='ocr_line' id='line_1_3' title="bbox 341 745 2035 869; baseline 0.002 -32"><span class='ocrx_word' id='word_1_12' title='bbox 341 750 592 869; x_wconf 88' lang='lat' dir='ltr'><strong>praesertim</strong></span> <span class='ocrx_word' id='word_1_13' title='bbox 631 749 944 835; x_wconf 79' lang='lat' dir='ltr'><strong>collateralibus</strong></span> <span class='ocrx_word' id='word_1_14' title='bbox 985 746 1201 833; x_wconf 90' lang='lat' dir='ltr'><strong>canalibus</strong></span> <span class='ocrx_word' id='word_1_15' title='bbox 1241 769 1285 829; x_wconf 91' lang='lat' dir='ltr'><strong>et</strong></span> <span class='ocrx_word' id='word_1_16' title='bbox 1325 745 1498 832; x_wconf 88' lang='lat' dir='ltr'><strong>lacubus</strong></span> <span class='ocrx_word' id='word_1_17' title='bbox 1532 747 1665 865; x_wconf 76' lang='lat' dir='ltr'><strong>pigris</strong></span> <span class='ocrx_word' id='word_1_18' title='bbox 1700 752 1889 835; x_wconf 82' lang='lat' dir='ltr'><strong>abundat</strong></span> <span class='ocrx_word' id='word_1_19' title='bbox 1918 751 2035 839; x_wconf 87' lang='lat' dir='ltr'><strong>omni</strong></span> 
     </span>
     <span class='ocr_line' id='line_1_4' title="bbox 341 896 2036 1018; baseline 0.001 -31"><span class='ocrx_word' id='word_1_20' title='bbox 341 926 558 1018; x_wconf 86' lang='lat' dir='ltr'><strong>tempora;</strong></span> <span class='ocrx_word' id='word_1_21' title='bbox 584 901 632 985; x_wconf 88' lang='lat' dir='ltr'><strong>in</strong></span> <span class='ocrx_word' id='word_1_22' title='bbox 660 899 823 983; x_wconf 87' lang='lat' dir='ltr'><strong>minora</strong></span> <span class='ocrx_word' id='word_1_23' title='bbox 849 921 895 982; x_wconf 90' lang='lat' dir='ltr'><strong>et</strong></span> <span class='ocrx_word' id='word_1_24' title='bbox 920 898 1145 983; x_wconf 87' lang='lat' dir='ltr'><strong>remotiora</strong></span> <span class='ocrx_word' id='word_1_25' title='bbox 1174 896 1249 981; x_wconf 85' lang='lat' dir='ltr'><strong>vix</strong></span> <span class='ocrx_word' id='word_1_26' title='bbox 1277 900 1510 985; x_wconf 86' lang='lat' dir='ltr'><strong>adscendit.</strong></span> <span class='ocrx_word' id='word_1_27' title='bbox 1539 910 1741 987; x_wconf 82' lang='lat' dir='ltr'><strong>Attamen</strong></span> <span class='ocrx_word' id='word_1_28' title='bbox 1768 900 1817 985; x_wconf 92' lang='lat' dir='ltr'><strong>in</strong></span> <span class='ocrx_word' id='word_1_29' title='bbox 1846 904 1967 989; x_wconf 89' lang='lat' dir='ltr'><strong>Ocea</strong></span> <span class='ocrx_word' id='word_1_30' title='bbox 1993 928 2036 989; x_wconf 90' lang='lat' dir='ltr'><strong>et</strong></span> 
     </span>
     <span class='ocr_line' id='line_1_5' title="bbox 341 1049 2056 1143; baseline 0.002 -3"><span class='ocrx_word' id='word_1_31' title='bbox 341 1058 397 1141; x_wconf 86' lang='lat' dir='ltr'><strong>ad</strong></span> <span class='ocrx_word' id='word_1_32' title='bbox 436 1052 545 1139; x_wconf 87' lang='lat' dir='ltr'><strong>ostia</strong></span> <span class='ocrx_word' id='word_1_33' title='bbox 583 1054 626 1137; x_wconf 82' lang='lat' dir='ltr'><strong>fl.</strong></span> <span class='ocrx_word' id='word_1_34' title='bbox 653 1049 758 1138; x_wconf 89' lang='lat' dir='ltr'><strong>Orel</strong></span> <span class='ocrx_word' id='word_1_35' title='bbox 796 1070 841 1133; x_wconf 90' lang='lat' dir='ltr'><strong>et</strong></span> <span class='ocrx_word' id='word_1_36' title='bbox 868 1049 1049 1133; x_wconf 82' lang='lat' dir='ltr'><strong>Vorslrla</strong></span> <span class='ocrx_word' id='word_1_37' title='bbox 1092 1050 1347 1135; x_wconf 80' lang='lat' dir='ltr'><strong>observatur.</strong></span> <span class='ocrx_word' id='word_1_38' title='bbox 1416 1058 1466 1137; x_wconf 91' lang='lat' dir='ltr'><strong>In</strong></span> <span class='ocrx_word' id='word_1_39' title='bbox 1492 1050 1674 1137; x_wconf 88' lang='lat' dir='ltr'><strong>Sibiriae</strong></span> <span class='ocrx_word' id='word_1_40' title='bbox 1714 1074 1759 1137; x_wconf 87' lang='lat' dir='ltr'><strong>et</strong></span> <span class='ocrx_word' id='word_1_41' title='bbox 1787 1054 2056 1143; x_wconf 68' lang='lat' dir='ltr'><strong>borealioris</strong></span> 
     </span>
     <span class='ocr_line' id='line_1_6' title="bbox 342 1186 2069 1323; baseline -0.001 -32"><span class='ocrx_word' id='word_1_42' title='bbox 342 1205 519 1291; x_wconf 88' lang='lat' dir='ltr'><strong>Rossiae</strong></span> <span class='ocrx_word' id='word_1_43' title='bbox 548 1202 664 1317; x_wconf 89' lang='lat' dir='ltr'><strong>aquis</strong></span> <span class='ocrx_word' id='word_1_44' title='bbox 693 1202 842 1297; x_wconf 79' lang='lat' dir='ltr'><strong>deest3</strong></span> <span class='ocrx_word' id='word_1_45' title='bbox 885 1200 1025 1286; x_wconf 92' lang='lat' dir='ltr'><strong>denuo</strong></span> <span class='ocrx_word' id='word_1_46' title='bbox 1063 1221 1202 1285; x_wconf 87' lang='lat' dir='ltr'><strong>autem</strong></span> <span class='ocrx_word' id='word_1_47' title='bbox 1237 1186 1421 1289; x_wconf 80' lang='lat' dir='ltr'><strong>occurrit</strong></span> <span class='ocrx_word' id='word_1_48' title='bbox 1447 1202 1495 1287; x_wconf 91' lang='lat' dir='ltr'><strong>in</strong></span> <span class='ocrx_word' id='word_1_49' title='bbox 1522 1201 1691 1288; x_wconf 85' lang='lat' dir='ltr'><strong>fluentis</strong></span> <span class='ocrx_word' id='word_1_50' title='bbox 1718 1204 1937 1291; x_wconf 73' lang='lat' dir='ltr'><strong>Drumias</strong></span> <span class='ocrx_word' id='word_1_51' title='bbox 1963 1234 2069 1323; x_wconf 79' lang='lat' dir='ltr'><strong>per</strong></span> 
     </span>
     <span class='ocr_line' id='line_1_7' title="bbox 340 1350 2080 1471; baseline 0.001 -30"><span class='ocrx_word' id='word_1_52' title='bbox 340 1362 476 1441; x_wconf 88' lang='lat' dir='ltr'><strong>Amur</strong></span> <span class='ocrx_word' id='word_1_53' title='bbox 505 1358 544 1441; x_wconf 84' lang='lat' dir='ltr'><strong>ll.</strong></span> <span class='ocrx_word' id='word_1_54' title='bbox 572 1353 617 1437; x_wconf 94' lang='lat' dir='ltr'><strong>in</strong></span> <span class='ocrx_word' id='word_1_55' title='bbox 645 1354 863 1439; x_wconf 83' lang='lat' dir='ltr'><strong>Oceanum</strong></span> <span class='ocrx_word' id='word_1_56' title='bbox 890 1352 1140 1435; x_wconf 83' lang='lat' dir='ltr'><strong>orientalem</strong></span> <span class='ocrx_word' id='word_1_57' title='bbox 1169 1382 1215 1435; x_wconf 91' lang='lat' dir='ltr'><strong>se</strong></span> <span class='ocrx_word' id='word_1_58' title='bbox 1244 1350 1568 1438; x_wconf 87' lang='lat' dir='ltr'><strong>exonerantibus</strong></span> <span class='ocrx_word' id='word_1_59' title='bbox 1598 1354 1802 1463; x_wconf 81' lang='lat' dir='ltr'><strong>(Onone,</strong></span> <span class='ocrx_word' id='word_1_60' title='bbox 1848 1364 2080 1471; x_wconf 80' lang='lat' dir='ltr'><strong>Arguno.</strong></span> 
     </span>
     <span class='ocr_line' id='line_1_8' title="bbox 341 1500 2080 1621; baseline 0.001 -30"><span class='ocrx_word' id='word_1_61' title='bbox 341 1504 566 1619; x_wconf 64' lang='lat' dir='ltr'><strong>Schilkap,</strong></span> <span class='ocrx_word' id='word_1_62' title='bbox 597 1502 672 1589; x_wconf 91' lang='lat' dir='ltr'><strong>ubi</strong></span> <span class='ocrx_word' id='word_1_63' title='bbox 699 1500 855 1587; x_wconf 91' lang='lat' dir='ltr'><strong>minori</strong></span> <span class='ocrx_word' id='word_1_64' title='bbox 882 1523 1036 1584; x_wconf 88' lang='lat' dir='ltr'><strong>statura</strong></span> <span class='ocrx_word' id='word_1_65' title='bbox 1065 1524 1108 1586; x_wconf 91' lang='lat' dir='ltr'><strong>et</strong></span> <span class='ocrx_word' id='word_1_66' title='bbox 1137 1502 1323 1617; x_wconf 87' lang='lat' dir='ltr'><strong>optimae</strong></span> <span class='ocrx_word' id='word_1_67' title='bbox 1352 1524 1477 1589; x_wconf 89' lang='lat' dir='ltr'><strong>notae</strong></span> <span class='ocrx_word' id='word_1_68' title='bbox 1498 1503 1545 1589; x_wconf 91' lang='lat' dir='ltr'><strong>in</strong></span> <span class='ocrx_word' id='word_1_69' title='bbox 1565 1504 1678 1601; x_wconf 86' lang='lat' dir='ltr'><strong>cibo,</strong></span> <span class='ocrx_word' id='word_1_70' title='bbox 1707 1502 1888 1619; x_wconf 86' lang='lat' dir='ltr'><strong>capitur,</strong></span> <span class='ocrx_word' id='word_1_71' title='bbox 1922 1536 2080 1621; x_wconf 75' lang='lat' dir='ltr'><strong>prae-</strong></span> 
     </span>
     <span class='ocr_line' id='line_1_9' title="bbox 338 1652 2080 1771; baseline -0.001 -29"><span class='ocrx_word' id='word_1_72' title='bbox 338 1657 484 1743; x_wconf 87' lang='lat' dir='ltr'><strong>sertim</strong></span> <span class='ocrx_word' id='word_1_73' title='bbox 509 1680 700 1771; x_wconf 88' lang='lat' dir='ltr'><strong>tempore</strong></span> <span class='ocrx_word' id='word_1_74' title='bbox 728 1652 1033 1739; x_wconf 86' lang='lat' dir='ltr'><strong>exundantium</strong></span> <span class='ocrx_word' id='word_1_75' title='bbox 1063 1654 1302 1739; x_wconf 88' lang='lat' dir='ltr'><strong>fluviorum.</strong></span> <span class='ocrx_word' id='word_1_76' title='bbox 1362 1652 1609 1770; x_wconf 90' lang='lat' dir='ltr'><strong>Petropolin</strong></span> <span class='ocrx_word' id='word_1_77' title='bbox 1647 1682 1671 1738; x_wconf 89' lang='lat' dir='ltr'><strong>e</strong></span> <span class='ocrx_word' id='word_1_78' title='bbox 1699 1654 1895 1739; x_wconf 87' lang='lat' dir='ltr'><strong>Borussia</strong></span> <span class='ocrx_word' id='word_1_79' title='bbox 1923 1662 2023 1745; x_wconf 87' lang='lat' dir='ltr'><strong>nari</strong></span> <span class='ocrx_word' id='word_1_80' title='bbox 2039 1718 2080 1741; x_wconf 69' lang='grc'><strong>-</strong></span> 
     </span>
     <span class='ocr_line' id='line_1_10' title="bbox 338 1805 2076 1923; baseline 0 -30"><span class='ocrx_word' id='word_1_81' title='bbox 338 1806 421 1923; x_wconf 80' lang='lat' dir='ltr'><strong>giis</strong></span> <span class='ocrx_word' id='word_1_82' title='bbox 449 1807 590 1893; x_wconf 88' lang='lat' dir='ltr'><strong>carina</strong></span> <span class='ocrx_word' id='word_1_83' title='bbox 618 1805 838 1921; x_wconf 79' lang='lat' dir='ltr'><strong>perforatis</strong></span> <span class='ocrx_word' id='word_1_84' title='bbox 866 1832 1019 1889; x_wconf 84' lang='lat' dir='ltr'><strong>renum</strong></span> <span class='ocrx_word' id='word_1_85' title='bbox 1049 1805 1245 1908; x_wconf 82' lang='lat' dir='ltr'><strong>adfertur,</strong></span> <span class='ocrx_word' id='word_1_86' title='bbox 1291 1836 1371 1891; x_wconf 88' lang='lat' dir='ltr'><strong>nec</strong></span> <span class='ocrx_word' id='word_1_87' title='bbox 1401 1826 1500 1891; x_wconf 89' lang='lat' dir='ltr'><strong>ante</strong></span> <span class='ocrx_word' id='word_1_88' title='bbox 1528 1834 1683 1891; x_wconf 85' lang='lat' dir='ltr'><strong>annum</strong></span> <span class='ocrx_word' id='word_1_89' title='bbox 1714 1840 1832 1917; x_wconf 75' lang='lat'><strong>¹729·</strong></span> <span class='ocrx_word' id='word_1_90' title='bbox 1879 1808 2076 1905; x_wconf 65' lang='lat' dir='ltr'><strong>dicitur</strong></span> 
     </span>
     <span class='ocr_line' id='line_1_11' title="bbox 336 1940 2055 2072; baseline -0.001 -28"><span class='ocrx_word' id='word_1_91' title='bbox 336 1960 384 2044; x_wconf 91' lang='lat' dir='ltr'><strong>in</strong></span> <span class='ocrx_word' id='word_1_92' title='bbox 414 1957 649 2043; x_wconf 89' lang='lat' dir='ltr'><strong>Borussiam</strong></span> <span class='ocrx_word' id='word_1_93' title='bbox 687 1955 948 2041; x_wconf 88' lang='lat' dir='ltr'><strong>interductus</strong></span> <span class='ocrx_word' id='word_1_94' title='bbox 988 1940 1129 2038; x_wconf 84' lang='lat' dir='ltr'><strong>fuisse.</strong></span> <span class='ocrx_word' id='word_1_95' title='bbox 1186 1962 1390 2043; x_wconf 87' lang='lat' dir='ltr'><strong>Moscuae</strong></span> <span class='ocrx_word' id='word_1_96' title='bbox 1426 1957 1472 2042; x_wconf 89' lang='lat' dir='ltr'><strong>in</strong></span> <span class='ocrx_word' id='word_1_97' title='bbox 1505 1956 1682 2072; x_wconf 80' lang='lat' dir='ltr'><strong>piscinis</strong></span> <span class='ocrx_word' id='word_1_98' title='bbox 1717 1958 1770 2041; x_wconf 86' lang='lat' dir='ltr'><strong>ad</strong></span> <span class='ocrx_word' id='word_1_99' title='bbox 1796 1958 2055 2055; x_wconf 70' lang='lat' dir='ltr'><strong>Presnizarn</strong></span> 
     </span>
     <span class='ocr_line' id='line_1_12' title="bbox 335 2105 2040 2225; baseline 0.001 -32"><span class='ocrx_word' id='word_1_100' title='bbox 335 2110 476 2197; x_wconf 83' lang='lat' dir='ltr'><strong>rivum</strong></span> <span class='ocrx_word' id='word_1_101' title='bbox 519 2108 703 2225; x_wconf 89' lang='lat' dir='ltr'><strong>primurn</strong></span> <span class='ocrx_word' id='word_1_102' title='bbox 753 2106 1116 2221; x_wconf 85' lang='lat' dir='ltr'><strong>multiplicarunt,</strong></span> <span class='ocrx_word' id='word_1_103' title='bbox 1180 2105 1244 2191; x_wconf 89' lang='lat' dir='ltr'><strong>ibi</strong></span> <span class='ocrx_word' id='word_1_104' title='bbox 1296 2130 1486 2225; x_wconf 88' lang='lat' dir='ltr'><strong>ternpore</strong></span> <span class='ocrx_word' id='word_1_105' title='bbox 1535 2130 1634 2192; x_wconf 90' lang='lat' dir='ltr'><strong>ante</strong></span> <span class='ocrx_word' id='word_1_106' title='bbox 1674 2108 1817 2193; x_wconf 77' lang='lat' dir='ltr'><strong>Petri</strong></span> <span class='ocrx_word' id='word_1_107' title='bbox 1860 2132 2040 2223; x_wconf 81' lang='lat' dir='ltr'><strong>magni</strong></span> 
     </span>
     <span class='ocr_line' id='line_1_13' title="bbox 333 2230 2018 2376; baseline -0.001 -31"><span class='ocrx_word' id='word_1_108' title='bbox 333 2290 511 2376; x_wconf 83' lang='lat' dir='ltr'><strong>regnum</strong></span> <span class='ocrx_word' id='word_1_109' title='bbox 549 2230 797 2347; x_wconf 83' lang='lat' dir='ltr'><strong>introducti.</strong></span> <span class='ocrx_word' id='word_1_110' title='bbox 865 2262 992 2339; x_wconf 88' lang='lat' dir='ltr'><strong>Nunc</strong></span> <span class='ocrx_word' id='word_1_111' title='bbox 1032 2256 1188 2370; x_wconf 90' lang='lat' dir='ltr'><strong>passim</strong></span> <span class='ocrx_word' id='word_1_112' title='bbox 1231 2258 1277 2342; x_wconf 91' lang='lat' dir='ltr'><strong>in</strong></span> <span class='ocrx_word' id='word_1_113' title='bbox 1319 2260 1469 2345; x_wconf 86' lang='lat' dir='ltr'><strong>Rossia</strong></span> <span class='ocrx_word' id='word_1_114' title='bbox 1505 2258 1551 2343; x_wconf 90' lang='lat' dir='ltr'><strong>in</strong></span> <span class='ocrx_word' id='word_1_115' title='bbox 1593 2257 1770 2371; x_wconf 82' lang='lat' dir='ltr'><strong>piscinis</strong></span> <span class='ocrx_word' id='word_1_116' title='bbox 1805 2256 2018 2363; x_wconf 82' lang='lat' dir='ltr'><strong>habentur,</strong></span> 
     </span>
     <span class='ocr_line' id='line_1_14' title="bbox 338 2406 2009 2523; baseline -0.001 -29"><span class='ocrx_word' id='word_1_117' title='bbox 338 2411 471 2495; x_wconf 88' lang='lat' dir='ltr'><strong>etiarn</strong></span> <span class='ocrx_word' id='word_1_118' title='bbox 498 2414 545 2495; x_wconf 92' lang='lat' dir='ltr'><strong>in</strong></span> <span class='ocrx_word' id='word_1_119' title='bbox 571 2409 751 2494; x_wconf 85' lang='lat' dir='ltr'><strong>Taurica</strong></span> <span class='ocrx_word' id='word_1_120' title='bbox 780 2406 1055 2495; x_wconf 88' lang='lat' dir='ltr'><strong>Chersoneso.</strong></span> <span class='ocrx_word' id='word_1_121' title='bbox 1106 2414 1143 2491; x_wconf 84' lang='lat' dir='ltr'><strong>E</strong></span> <span class='ocrx_word' id='word_1_122' title='bbox 1170 2410 1310 2495; x_wconf 81' lang='lat' dir='ltr'><strong>vesica</strong></span> <span class='ocrx_word' id='word_1_123' title='bbox 1342 2412 1507 2495; x_wconf 79' lang='lat' dir='ltr'><strong>anemio</strong></span> <span class='ocrx_word' id='word_1_124' title='bbox 1536 2407 1797 2521; x_wconf 87' lang='lat' dir='ltr'><strong>Carpionum</strong></span> <span class='ocrx_word' id='word_1_125' title='bbox 1827 2418 2009 2523; x_wconf 85' lang='lat' dir='ltr'><strong>majomrn</strong></span> 
     </span>
     <span class='ocr_line' id='line_1_15' title="bbox 334 2556 2001 2677; baseline -0.002 -30"><span class='ocrx_word' id='word_1_126' title='bbox 334 2561 597 2677; x_wconf 90' lang='lat' dir='ltr'><strong>caspicorum</strong></span> <span class='ocrx_word' id='word_1_127' title='bbox 637 2558 775 2676; x_wconf 87' lang='lat' dir='ltr'><strong>parari</strong></span> <span class='ocrx_word' id='word_1_128' title='bbox 804 2559 913 2643; x_wconf 90' lang='lat' dir='ltr'><strong>solet</strong></span> <span class='ocrx_word' id='word_1_129' title='bbox 940 2556 1240 2673; x_wconf 85' lang='lat' dir='ltr'><strong>Ichthyocolla</strong></span> <span class='ocrx_word' id='word_1_130' title='bbox 1279 2562 1442 2647; x_wconf 89' lang='lat' dir='ltr'><strong>vilioris</strong></span> <span class='ocrx_word' id='word_1_131' title='bbox 1471 2582 1609 2645; x_wconf 88' lang='lat' dir='ltr'><strong>notae.</strong></span> <span class='ocrx_word' id='word_1_132' title='bbox 1669 2560 1911 2663; x_wconf 85' lang='lat' dir='ltr'><strong>Calmucci,</strong></span> <span class='ocrx_word' id='word_1_133' title='bbox 1949 2564 2001 2675; x_wconf 82' lang='lat' dir='ltr'><strong>qni</strong></span> 
     </span>
     <span class='ocr_line' id='line_1_16' title="bbox 334 2709 1999 2829; baseline -0.002 -30"><span class='ocrx_word' id='word_1_134' title='bbox 334 2712 382 2799; x_wconf 90' lang='lat' dir='ltr'><strong>in</strong></span> <span class='ocrx_word' id='word_1_135' title='bbox 410 2712 618 2828; x_wconf 87' lang='lat' dir='ltr'><strong>piscatura</strong></span> <span class='ocrx_word' id='word_1_136' title='bbox 647 2711 825 2826; x_wconf 86' lang='lat' dir='ltr'><strong>Caspica</strong></span> <span class='ocrx_word' id='word_1_137' title='bbox 854 2731 899 2792; x_wconf 89' lang='lat' dir='ltr'><strong>et</strong></span> <span class='ocrx_word' id='word_1_138' title='bbox 923 2709 1128 2822; x_wconf 83' lang='lat' dir='ltr'><strong>Volgensi</strong></span> <span class='ocrx_word' id='word_1_139' title='bbox 1156 2712 1357 2816; x_wconf 82' lang='lat' dir='ltr'><strong>serviunt,</strong></span> <span class='ocrx_word' id='word_1_140' title='bbox 1386 2712 1519 2827; x_wconf 90' lang='lat' dir='ltr'><strong>pelles</strong></span> <span class='ocrx_word' id='word_1_141' title='bbox 1548 2718 1755 2820; x_wconf 85' lang='lat' dir='ltr'><strong>majorum</strong></span> <span class='ocrx_word' id='word_1_142' title='bbox 1781 2713 1999 2829; x_wconf 85' lang='lat' dir='ltr'><strong>carpionun</strong></span> 
     </span>
     <span class='ocr_line' id='line_1_17' title="bbox 333 2860 1998 2979; baseline 0 -34"><span class='ocrx_word' id='word_1_143' title='bbox 333 2862 425 2946; x_wconf 86' lang='lat' dir='ltr'><strong>sine</strong></span> <span class='ocrx_word' id='word_1_144' title='bbox 455 2861 639 2976; x_wconf 82' lang='lat' dir='ltr'><strong>squamis</strong></span> <span class='ocrx_word' id='word_1_145' title='bbox 667 2860 868 2964; x_wconf 89' lang='lat' dir='ltr'><strong>siccatas,</strong></span> <span class='ocrx_word' id='word_1_146' title='bbox 911 2860 1023 2944; x_wconf 86' lang='lat' dir='ltr'><strong>lacte</strong></span> <span class='ocrx_word' id='word_1_147' title='bbox 1059 2860 1183 2946; x_wconf 86' lang='lat' dir='ltr'><strong>acido</strong></span> <span class='ocrx_word' id='word_1_148' title='bbox 1217 2866 1286 2947; x_wconf 88' lang='lat' dir='ltr'><strong>vel</strong></span> <span class='ocrx_word' id='word_1_149' title='bbox 1313 2864 1480 2948; x_wconf 89' lang='lat' dir='ltr'><strong>residuo</strong></span> <span class='ocrx_word' id='word_1_150' title='bbox 1508 2860 1678 2976; x_wconf 86' lang='lat' dir='ltr'><strong>spiritus</strong></span> <span class='ocrx_word' id='word_1_151' title='bbox 1705 2862 1833 2948; x_wconf 77' lang='lat' dir='ltr'><strong>lactis</strong></span> <span class='ocrx_word' id='word_1_152' title='bbox 1858 2894 1998 2979; x_wconf 78' lang='lat' dir='ltr'><strong>praepa</strong></span> 
     </span>
    </p>
   </div>
   <div class='ocr_carea' id='block_1_3' title="bbox 331 3006 2080 3151">
    <p class='ocr_par' dir='ltr' id='par_1_3' title="bbox 331 3006 2080 3151">
     <span class='ocr_line' id='line_1_18' title="bbox 331 3006 2080 3151; baseline 0 -55"><span class='ocrx_word' id='word_1_153' title='bbox 331 3012 595 3151; x_wconf 22' lang='lat' dir='ltr'><strong>rantpradice</strong></span> <span class='ocrx_word' id='word_1_154' title='bbox 622 3012 800 3097; x_wconf 86' lang='lat' dir='ltr'><strong>Statices</strong></span> <span class='ocrx_word' id='word_1_155' title='bbox 828 3012 1031 3099; x_wconf 84' lang='lat' dir='ltr'><strong>coriariae</strong></span> <span class='ocrx_word' id='word_1_156' title='bbox 1057 3013 1253 3126; x_wconf 82' lang='lat' dir='ltr'><strong>tingunt,</strong></span> <span class='ocrx_word' id='word_1_157' title='bbox 1290 3038 1333 3099; x_wconf 91' lang='lat' dir='ltr'><strong>et</strong></span> <span class='ocrx_word' id='word_1_158' title='bbox 1361 3014 1464 3099; x_wconf 84' lang='lat' dir='ltr'><strong>inde</strong></span> <span class='ocrx_word' id='word_1_159' title='bbox 1491 3035 1696 3097; x_wconf 87' lang='lat' dir='ltr'><strong>consuunt</strong></span> <span class='ocrx_word' id='word_1_160' title='bbox 1723 3013 1912 3101; x_wconf 86' lang='lat' dir='ltr'><strong>lacernas</strong></span> <span class='ocrx_word' id='word_1_161' title='bbox 1935 3016 1995 3099; x_wconf 84' lang='lat' dir='ltr'><strong>ele</strong></span> <span class='ocrx_word' id='word_1_162' title='bbox 2078 3006 2080 3013; x_wconf 63' lang='grc'><strong>’</strong></span> 
     </span>
    </p>
   </div>
   <div class='ocr_carea' id='block_1_4' title="bbox 321 3164 1997 4950">
    <p class='ocr_par' dir='ltr' id='par_1_4' title="bbox 328 3164 1997 3581">
     <span class='ocr_line' id='line_1_19' title="bbox 331 3164 1997 3285; baseline 0.004 -38"><span class='ocrx_word' id='word_1_163' title='bbox 331 3184 502 3278; x_wconf 80' lang='lat' dir='ltr'><strong>gantas,</strong></span> <span class='ocrx_word' id='word_1_164' title='bbox 545 3192 647 3276; x_wconf 87' lang='lat' dir='ltr'><strong>quas</strong></span> <span class='ocrx_word' id='word_1_165' title='bbox 673 3166 832 3250; x_wconf 82' lang='lat' dir='ltr'><strong>Soson-</strong></span> <span class='ocrx_word' id='word_1_166' title='bbox 847 3167 1028 3274; x_wconf 66' lang='lat' dir='ltr'><strong>Sars-yn</strong></span> <span class='ocrx_word' id='word_1_167' title='bbox 1055 3164 1331 3279; x_wconf 86' lang='lat' dir='ltr'><strong>(Carpionum</strong></span> <span class='ocrx_word' id='word_1_168' title='bbox 1362 3173 1520 3275; x_wconf 85' lang='lat' dir='ltr'><strong>vestes)</strong></span> <span class='ocrx_word' id='word_1_169' title='bbox 1547 3164 1790 3279; x_wconf 86' lang='lat' dir='ltr'><strong>appellant,</strong></span> <span class='ocrx_word' id='word_1_170' title='bbox 1836 3190 1997 3285; x_wconf 74' lang='lat' dir='ltr'><strong>quaeque</strong></span> 
     </span>
     <span class='ocr_line' id='line_1_20' title="bbox 328 3309 1997 3431; baseline 0.001 -33"><span class='ocrx_word' id='word_1_171' title='bbox 328 3309 699 3428; x_wconf 89' lang='lat' dir='ltr'><strong>semidiaphanae,</strong></span> <span class='ocrx_word' id='word_1_172' title='bbox 739 3318 1019 3412; x_wconf 87' lang='lat' dir='ltr'><strong>lutescentes,</strong></span> <span class='ocrx_word' id='word_1_173' title='bbox 1062 3346 1324 3428; x_wconf 83' lang='lat' dir='ltr'><strong>squamarum</strong></span> <span class='ocrx_word' id='word_1_174' title='bbox 1359 3314 1548 3430; x_wconf 82' lang='lat' dir='ltr'><strong>vestigiis</strong></span> <span class='ocrx_word' id='word_1_175' title='bbox 1586 3314 1829 3431; x_wconf 81' lang='lat' dir='ltr'><strong>variegatae</strong></span> <span class='ocrx_word' id='word_1_176' title='bbox 1863 3342 1905 3405; x_wconf 91' lang='lat' dir='ltr'><strong>et</strong></span> <span class='ocrx_word' id='word_1_177' title='bbox 1936 3320 1997 3403; x_wconf 83' lang='lat' dir='ltr'><strong>ele·</strong></span> 
     </span>
     <span class='ocr_line' id='line_1_21' title="bbox 329 3462 1278 3581; baseline 0.003 -31"><span class='ocrx_word' id='word_1_178' title='bbox 329 3466 599 3581; x_wconf 79' lang='lat' dir='ltr'><strong>gantissimae</strong></span> <span class='ocrx_word' id='word_1_179' title='bbox 626 3490 745 3569; x_wconf 88' lang='lat' dir='ltr'><strong>sunt,</strong></span> <span class='ocrx_word' id='word_1_180' title='bbox 777 3462 1040 3581; x_wconf 81' lang='lat' dir='ltr'><strong>humidoque</strong></span> <span class='ocrx_word' id='word_1_181' title='bbox 1071 3470 1278 3553; x_wconf 82' lang='lat' dir='ltr'><strong>resistunt</strong></span> 
     </span>
    </p>

    <p class='ocr_par' dir='ltr' id='par_1_5' title="bbox 321 3620 1997 4950">
     <span class='ocr_line' id='line_1_22' title="bbox 471 3620 1995 3739; baseline 0.002 -39"><span class='ocrx_word' id='word_1_182' title='bbox 471 3620 644 3704; x_wconf 89' lang='lat' dir='ltr'><strong>Descr.</strong></span> <span class='ocrx_word' id='word_1_183' title='bbox 701 3624 948 3705; x_wconf 81' lang='lat' dir='ltr'><strong>EDuurico</strong></span> <span class='ocrx_word' id='word_1_184' title='bbox 988 3620 1063 3703; x_wconf 84' lang='lat' dir='ltr'><strong>vix</strong></span> <span class='ocrx_word' id='word_1_185' title='bbox 1103 3652 1285 3734; x_wconf 88' lang='lat' dir='ltr'><strong>unquam</strong></span> <span class='ocrx_word' id='word_1_186' title='bbox 1319 3620 1655 3737; x_wconf 86' lang='lat' dir='ltr'><strong>sesquipedalem</strong></span> <span class='ocrx_word' id='word_1_187' title='bbox 1687 3623 1995 3739; x_wconf 79' lang='lat' dir='ltr'><strong>magnitudinem</strong></span> 
     </span>
     <span class='ocr_line' id='line_1_23' title="bbox 327 3768 1991 3887; baseline 0.005 -36"><span class='ocrx_word' id='word_1_188' title='bbox 327 3769 596 3852; x_wconf 78' lang='lat' dir='ltr'><strong>excedente:</strong></span> <span class='ocrx_word' id='word_1_189' title='bbox 623 3773 828 3887; x_wconf 83' lang='lat' dir='ltr'><strong>Squamae</strong></span> <span class='ocrx_word' id='word_1_190' title='bbox 857 3768 1068 3854; x_wconf 83' lang='lat' dir='ltr'><strong>maximae</strong></span> <span class='ocrx_word' id='word_1_191' title='bbox 1093 3774 1269 3855; x_wconf 86' lang='lat' dir='ltr'><strong>obscure</strong></span> <span class='ocrx_word' id='word_1_192' title='bbox 1297 3797 1475 3858; x_wconf 87' lang='lat' dir='ltr'><strong>auratae.</strong></span> <span class='ocrx_word' id='word_1_193' title='bbox 1525 3778 1651 3859; x_wconf 81' lang='lat' dir='ltr'><strong>Linea</strong></span> <span class='ocrx_word' id='word_1_194' title='bbox 1677 3782 1865 3863; x_wconf 75' lang='lat' dir='ltr'><strong>lateralis</strong></span> <span class='ocrx_word' id='word_1_195' title='bbox 1890 3796 1991 3873; x_wconf 78' lang='lat' dir='ltr'><strong>recta.</strong></span> 
     </span>
     <span class='ocr_line' id='line_1_24' title="bbox 329 3920 1992 4043; baseline 0.004 -41"><span class='ocrx_word' id='word_1_196' title='bbox 329 3920 382 4004; x_wconf 89' lang='lat' dir='ltr'><strong>ad</strong></span> <span class='ocrx_word' id='word_1_197' title='bbox 414 3941 539 4034; x_wconf 88' lang='lat' dir='ltr'><strong>caput</strong></span> <span class='ocrx_word' id='word_1_198' title='bbox 568 3922 839 4007; x_wconf 85' lang='lat' dir='ltr'><strong>adscendens.</strong></span> <span class='ocrx_word' id='word_1_199' title='bbox 901 3924 1035 4007; x_wconf 77' lang='lat' dir='ltr'><strong>Cirrhr’</strong></span> <span class='ocrx_word' id='word_1_200' title='bbox 1065 3926 1117 4006; x_wconf 90' lang='lat' dir='ltr'><strong>ad</strong></span> <span class='ocrx_word' id='word_1_201' title='bbox 1146 3954 1191 4007; x_wconf 89' lang='lat' dir='ltr'><strong>os</strong></span> <span class='ocrx_word' id='word_1_202' title='bbox 1221 3945 1272 4028; x_wconf 79' lang='grc'><strong>4,</strong></span> <span class='ocrx_word' id='word_1_203' title='bbox 1302 3956 1477 4039; x_wconf 88' lang='lat' dir='ltr'><strong>qnorum</strong></span> <span class='ocrx_word' id='word_1_204' title='bbox 1508 3930 1592 4010; x_wconf 91' lang='lat' dir='ltr'><strong>duo</strong></span> <span class='ocrx_word' id='word_1_205' title='bbox 1620 3956 1732 4040; x_wconf 86' lang='lat' dir='ltr'><strong>pone</strong></span> <span class='ocrx_word' id='word_1_206' title='bbox 1763 3930 1929 4043; x_wconf 83' lang='lat' dir='ltr'><strong>angulos</strong></span> <span class='ocrx_word' id='word_1_207' title='bbox 1951 3926 1992 4009; x_wconf 70' lang='lat' dir='ltr'><strong>la</strong></span> 
     </span>
     <span class='ocr_line' id='line_1_25' title="bbox 325 4069 1992 4194; baseline 0.002 -40"><span class='ocrx_word' id='word_1_208' title='bbox 325 4069 491 4155; x_wconf 87' lang='lat' dir='ltr'><strong>biorum</strong></span> <span class='ocrx_word' id='word_1_209' title='bbox 519 4100 802 4157; x_wconf 81' lang='lat' dir='ltr'><strong>camosetum.</strong></span> <span class='ocrx_word' id='word_1_210' title='bbox 859 4076 1014 4160; x_wconf 83' lang='lat' dir='ltr'><strong>Pinnae</strong></span> <span class='ocrx_word' id='word_1_211' title='bbox 1050 4084 1275 4189; x_wconf 82' lang='lat' dir='ltr'><strong>pectorales</strong></span> <span class='ocrx_word' id='word_1_212' title='bbox 1308 4077 1461 4161; x_wconf 87' lang='lat' dir='ltr'><strong>radior.</strong></span> <span class='ocrx_word' id='word_1_213' title='bbox 1497 4090 1556 4162; x_wconf 85' lang='grc' dir='ltr'><strong>ι6.</strong></span> <span class='ocrx_word' id='word_1_214' title='bbox 1600 4078 1711 4162; x_wconf 81' lang='lat' dir='ltr'><strong>dorsi</strong></span> <span class='ocrx_word' id='word_1_215' title='bbox 1740 4102 1908 4194; x_wconf 85' lang='lat' dir='ltr'><strong>praeter</strong></span> <span class='ocrx_word' id='word_1_216' title='bbox 1930 4078 1992 4161; x_wconf 88' lang='lat' dir='ltr'><strong>duo</strong></span> 
     </span>
     <span class='ocr_line' id='line_1_26' title="bbox 325 4208 1992 4345; baseline 0.005 -40"><span class='ocrx_word' id='word_1_217' title='bbox 325 4220 462 4305; x_wconf 80' lang='lat' dir='ltr'><strong>fulcra</strong></span> <span class='ocrx_word' id='word_1_218' title='bbox 493 4250 628 4305; x_wconf 88' lang='lat' dir='ltr'><strong>crassa</strong></span> <span class='ocrx_word' id='word_1_219' title='bbox 666 4236 710 4309; x_wconf 81' lang='grc' dir='ltr'><strong>ιθ</strong></span> <span class='ocrx_word' id='word_1_220' title='bbox 739 4208 917 4337; x_wconf 86' lang='lat' dir='ltr'><strong>¹quorum</strong></span> <span class='ocrx_word' id='word_1_221' title='bbox 945 4226 1104 4339; x_wconf 88' lang='lat' dir='ltr'><strong>primus</strong></span> <span class='ocrx_word' id='word_1_222' title='bbox 1133 4258 1319 4330; x_wconf 84' lang='lat' dir='ltr'><strong>crassus,</strong></span> <span class='ocrx_word' id='word_1_223' title='bbox 1348 4256 1513 4329; x_wconf 87' lang='lat' dir='ltr'><strong>osseus,</strong></span> <span class='ocrx_word' id='word_1_224' title='bbox 1545 4256 1832 4345; x_wconf 85' lang='lat' dir='ltr'><strong>compressus,</strong></span> <span class='ocrx_word' id='word_1_225' title='bbox 1859 4228 1992 4345; x_wconf 76' lang='lat' dir='ltr'><strong>postire</strong></span> 
     </span>
     <span class='ocr_line' id='line_1_27' title="bbox 324 4373 1991 4495; baseline 0.004 -41"><span class='ocrx_word' id='word_1_226' title='bbox 324 4392 502 4485; x_wconf 90' lang='lat' dir='ltr'><strong>utroque</strong></span> <span class='ocrx_word' id='word_1_227' title='bbox 532 4373 686 4487; x_wconf 83' lang='lat' dir='ltr'><strong>angulo</strong></span> <span class='ocrx_word' id='word_1_228' title='bbox 714 4377 976 4479; x_wconf 85' lang='lat' dir='ltr'><strong>crenulatus,</strong></span> <span class='ocrx_word' id='word_1_229' title='bbox 1020 4380 1093 4461; x_wconf 86' lang='lat' dir='ltr'><strong>sed</strong></span> <span class='ocrx_word' id='word_1_230' title='bbox 1128 4377 1317 4463; x_wconf 87' lang='lat' dir='ltr'><strong>inermis.</strong></span> <span class='ocrx_word' id='word_1_231' title='bbox 1374 4381 1421 4463; x_wconf 84' lang='grc' dir='ltr'><strong>Ρ.</strong></span> <span class='ocrx_word' id='word_1_232' title='bbox 1457 4386 1657 4465; x_wconf 80' lang='lat' dir='ltr'><strong>ventrales</strong></span> <span class='ocrx_word' id='word_1_233' title='bbox 1693 4404 1865 4495; x_wconf 78' lang='lat' dir='ltr'><strong>praeter</strong></span> <span class='ocrx_word' id='word_1_234' title='bbox 1887 4380 1991 4463; x_wconf 82' lang='lat' dir='ltr'><strong>sulcu</strong></span> 
     </span>
     <span class='ocr_line' id='line_1_28' title="bbox 321 4521 1993 4649; baseline 0.004 -46"><span class='ocrx_word' id='word_1_235' title='bbox 321 4556 349 4628; x_wconf 87' lang='lat'><strong>9</strong></span> <span class='ocrx_word' id='word_1_236' title='bbox 384 4521 632 4619; x_wconf 78' lang='lat' dir='ltr'><strong>radiorum3</strong></span> <span class='ocrx_word' id='word_1_237' title='bbox 674 4535 744 4610; x_wconf 80' lang='lat' dir='ltr'><strong>ani</strong></span> <span class='ocrx_word' id='word_1_238' title='bbox 777 4552 946 4641; x_wconf 89' lang='lat' dir='ltr'><strong>praeter</strong></span> <span class='ocrx_word' id='word_1_239' title='bbox 984 4532 1115 4615; x_wconf 82' lang='lat' dir='ltr'><strong>fulcra</strong></span> <span class='ocrx_word' id='word_1_240' title='bbox 1148 4552 1311 4649; x_wconf 88' lang='lat' dir='ltr'><strong>septem</strong></span> <span class='ocrx_word' id='word_1_241' title='bbox 1349 4529 1589 4630; x_wconf 85' lang='lat' dir='ltr'><strong>radiorum,</strong></span> <span class='ocrx_word' id='word_1_242' title='bbox 1640 4560 1821 4645; x_wconf 87' lang='lat' dir='ltr'><strong>quorum</strong></span> <span class='ocrx_word' id='word_1_243' title='bbox 1861 4532 1993 4649; x_wconf 87' lang='lat' dir='ltr'><strong>primos</strong></span> 
     </span>
     <span class='ocr_line' id='line_1_29' title="bbox 321 4678 1993 4796; baseline 0.005 -39"><span class='ocrx_word' id='word_1_244' title='bbox 321 4701 494 4771; x_wconf 87' lang='lat' dir='ltr'><strong>crassus,</strong></span> <span class='ocrx_word' id='word_1_245' title='bbox 524 4702 684 4779; x_wconf 86' lang='lat' dir='ltr'><strong>osseus,</strong></span> <span class='ocrx_word' id='word_1_246' title='bbox 712 4678 1014 4791; x_wconf 86' lang='lat' dir='ltr'><strong>posterioribus</strong></span> <span class='ocrx_word' id='word_1_247' title='bbox 1044 4682 1206 4796; x_wconf 83' lang='lat' dir='ltr'><strong>angulis</strong></span> <span class='ocrx_word' id='word_1_248' title='bbox 1234 4680 1430 4796; x_wconf 88' lang='lat' dir='ltr'><strong>utrinque</strong></span> <span class='ocrx_word' id='word_1_249' title='bbox 1457 4680 1698 4785; x_wconf 81' lang='lat' dir='ltr'><strong>undulatus,</strong></span> <span class='ocrx_word' id='word_1_250' title='bbox 1723 4686 1800 4769; x_wconf 85' lang='lat' dir='ltr'><strong>sed</strong></span> <span class='ocrx_word' id='word_1_251' title='bbox 1830 4678 1993 4769; x_wconf 82' lang='lat' dir='ltr'><strong>inermis·</strong></span> 
     </span>
     <span class='ocr_line' id='line_1_30' title="bbox 326 4824 1997 4950; baseline 0.006 -41"><span class='ocrx_word' id='word_1_252' title='bbox 326 4824 473 4911; x_wconf 74' lang='lat' dir='ltr'><strong>cauda</strong></span> <span class='ocrx_word' id='word_1_253' title='bbox 486 4824 667 4935; x_wconf 78' lang='lat' dir='ltr'><strong>biturca,</strong></span> <span class='ocrx_word' id='word_1_254' title='bbox 697 4830 786 4916; x_wconf 85' lang='lat' dir='ltr'><strong>rad.</strong></span> <span class='ocrx_word' id='word_1_255' title='bbox 807 4859 863 4934; x_wconf 86' lang='lat'><strong>19.</strong></span> <span class='ocrx_word' id='word_1_256' title='bbox 877 4834 1091 4942; x_wconf 84' lang='lat' dir='ltr'><strong>Parvulae,</strong></span> <span class='ocrx_word' id='word_1_257' title='bbox 1119 4833 1167 4919; x_wconf 90' lang='lat' dir='ltr'><strong>iu</strong></span> <span class='ocrx_word' id='word_1_258' title='bbox 1195 4832 1302 4921; x_wconf 89' lang='lat' dir='ltr'><strong>mari</strong></span> <span class='ocrx_word' id='word_1_259' title='bbox 1328 4832 1452 4950; x_wconf 80' lang='lat' dir='ltr'><strong>nigro</strong></span> <span class='ocrx_word' id='word_1_260' title='bbox 1476 4852 1639 4949; x_wconf 84' lang='lat' dir='ltr'><strong>captae,</strong></span> <span class='ocrx_word' id='word_1_261' title='bbox 1665 4836 1997 4923; x_wconf 76' lang='lat' dir='ltr'><strong>coerulesceuteo</strong></span> 
     </span>
    </p>
   </div>
   <div class='ocr_carea' id='block_1_5' title="bbox 0 0 2206 5901">
    <p class='ocr_par' dir='ltr' id='par_1_6' title="bbox 0 0 2206 5901">
     <span class='ocr_line' id='line_1_31' title="bbox 0 0 2206 5901; baseline 0 0"><span class='ocrx_word' id='word_1_262' title='bbox 0 0 2206 5901; x_wconf 95' lang='lat' dir='ltr'><strong> </strong></span> 
     </span>
    </p>
   </div>
  </div>
 </body>
</html>
