4404 5902
269 318 373 414 ‘aaa
1044 335 1192 403 ..u-¹3

417 548 532 638 Not.
588 544 723 635 Piscis
748 536 976 633 Viatlrinus
988 608 1002 648 ,
1040 574 1169 663 quem
1194 541 1381 632 Stettino
1409 541 1529 629 misit
1571 547 1752 630 amicire.
1785 544 1958 657 Meyer.

273 703 355 789 'sub
382 699 558 788 nomine
599 700 842 816 germanico
880 703 1104 814 Scbuuppe
1142 720 1210 782 est
1253 695 1429 783 omnino
1455 698 1668 798 Balissus,
1712 697 1791 780 sed
1830 695 1958 780 differt

276 854 455 941 maxilla
480 881 618 969 super.
646 851 869 954 breviore,
898 873 1088 954 arcuata,
1117 848 1301 964 squamis
1329 846 1572 960 majotibru,
1599 843 1744 961 pinnis
1772 853 1954 960 majuscu-

277 1004 360 1105 lis,
402 1000 578 1120 rigidis,
618 1001 905 1120 pectoralibus
947 1000 1220 1105 acuminatis,
1261 997 1436 1084 dorsalis
1463 1020 1510 1083 et
1539 998 1611 1083 aui
1636 996 1760 1085 radio
1787 1002 1951 1084 secundo

271 1181 423 1258 osseo,
463 1157 661 1258 robusto,
703 1154 818 1239 linea
859 1153 1026 1240 laterali
1066 1151 1206 1237 ventri
1246 1148 1445 1266 propiore
1484 1172 1531 1235 et
1568 1149 1776 1265 parallela
1811 1185 1845 1234 1.
1893 1156 1945 1236 Aa

255 1308 395 1420 .quod
423 1312 587 1418 major?
629 1313 739 1417 (erat
780 1321 845 1406 15}
873 1304 977 1417 poll.
1005 1303 1156 1418 longit.
1182 1324 1227 1386 et
1254 1305 1316 1408 4“.
1347 1308 1415 1390 5'“.
1441 1301 1573 1413 latus)
1601 1299 1675 1384 vel
1700 1303 1817 1415 quod
1841 1299 1940 1417 piscis

274 1455 488 1560 marinus,
532 1485 557 1542 e
599 1486 715 1541 mare
755 1453 952 1540 balthico
994 1453 1109 1538 enirn
1147 1453 1196 1538 in
1226 1453 1432 1538 Viadrum
1456 1451 1703 1537 succedunt
1760 1458 1938 1537 Numerus

280 1606 495 1692 radiomm
523 1605 570 1691 in
597 1606 741 1722 pinnis
771 1628 943 1708 exacte,
971 1629 1019 1690 ut
1047 1604 1260 1721 descripto
1288 1598 1485 1690 fluviatili
1498 1634 1513 1704 5
1538 1611 1611 1690 arri
1633 1603 1932 1722 pinnatorum

276 1783 476 1843 carnosae
503 1753 586 1867 (ζ’.
615 1763 707 1870 pm.)
730 1746 939 1872 occupat,
968 1755 1180 1844 radiorum
1208 1774 1277 1862 ar.

365 2026 482 2120 236.
530 2023 948 2119 CYPRINUS
991 2011 1160 2145 Sapo.
1199 2023 1332 2116 TAB
1374 2017 1659 2142 ΙΧΙΧΗῇς
1700 2053 1748 2118 1
1790 2048 1864 2116 rc

415 2213 468 2298 C.
498 2210 855 2325 macrolepidotus
887 2210 1226 2326 cathetoplatcua
1257 2217 1397 2315 labis,
1436 2233 1570 2296 rostro
1605 2208 1861 2324 prominente
1877 2230 1920 2289 re

272 2359 395 2467 tuso,
424 2392 498 2448 ore
509 2357 732 2464 emissili,
762 2363 893 2477 pinna
922 2363 992 2448 ani
1018 2381 1086 2469 4⁰·

384 2512 529 2600 Rossis
558 2502 612 2598 ad
638 2511 820 2624 Volgum
844 2517 982 2630 Ssapb
1007 2514 1077 2600 vel
1101 2516 1264 2627 Smper
1252 2512 1345 2596 ·ad
1365 2455 1588 2598 samaram
1614 2513 1841 2609 Lobbtrcb‚
1866 2507 1917 2594 Gt·

438 2664 582 2749 sanine
610 2660 842 2779 improprie
869 2668 1000 2750 Sinez.

411 2820 463 2897 ln
490 2812 630 2899 fluviis
657 2815 820 2928 Volgae
846 2814 1186 2914 collateralibus,
1214 2818 1347 2917 Sura,
1376 2817 1568 2912 Samara,
1596 2814 1727 2900 Kinel
1740 2880 1753 2920 ,
1779 2812 1913 2924 aliisque

272 2962 468 3077 frequens
493 2964 650 3082 piscis,
688 2992 766 3079 per
793 2967 974 3078 Volganr
1010 2965 1103 3050 sine
1143 2966 1276 3051 dubio
1306 2967 1538 3052 succedent
1552 3025 1566 3063 ,
1596 2965 1719 3053 mihi
1743 2999 1823 3053 noa
1840 2950 1914 3049 alifi

268 3112 400 3198 visus.
456 3117 516 3202 Os
544 3112 647 3199 huic
673 3116 865 3202 omnium
898 3117 1181 3233 Cyprinorum
1208 3116 1455 3230 longissime
1481 3114 1686 3259 emissile.

407 3268 580 3352 Descr.
637 3266 707 3350 Ad
747 3267 945 3380 pedalem
981 3290 1025 3351 et
1058 3272 1165 3354 ultra
1194 3269 1517 3382 magnitudinem
1541 3267 1766 3355 excrescit.
1817 3271 1912 3380 Cep!

265 3444 449 3531 corpore
476 3417 682 3521 crassius,
710 3417 896 3502 maxime
925 3441 1024 3502 ante
1052 3423 1221 3524 oculos,
1262 3421 1408 3534 ibique
1436 3448 1653 3503 convexo·
1670 3423 1912 3536 protuberans

268 3587 402 3651 rostro
425 3569 559 3653 etiarn
586 3569 695 3652 infra
723 3599 844 3653 nares
874 3600 1091 3670 convexo,
1129 3594 1294 3671 retuso,
1326 3570 1499 3675 crasso,
1535 3571 1650 3653 ultra
1690 3602 1739 3656 os
1777 3572 1913 3655 inferna

267 3716 550 3830 prominente.
606 3721 740 3803 Labie
781 3750 852 3802 seu
896 3722 1095 3806 maxillae
1138 3727 1213 3808 sub
1260 3746 1394 3808 rostro
1435 3720 1644 3807 emissiles
1687 3727 1791 3835 (fig.
1822 3721 1912 3826 ra).

262 3885 339 3951 'ore
367 3890 568 3982 angusto;
596 3868 893 3953 branchiarum
920 3873 1030 3956 basis
1059 3871 1658 3975 antica-conico·terminata,
1693 3905 1772 3991 pro
1796 3882 1914 3986 lingue

265 4020 398 4105 Nares
439 4021 618 4135 amplae.
672 4019 800 4105 ,Oculi
843 4023 1085 4134 majusculi,
1126 4028 1230 4110 iride
1270 4045 1469 4137 argenteo
1484 4024 1797 4138 pallescente,
1831 4026 1916 4109 luroe

263 4171 465 4256 umbrata.
524 4172 711 4259 flabella
752 4173 1061 4286 brancbiostega
1097 4174 1398 4278 trilamellata,
1437 4205 1589 4290 parua,
1638 4199 1753 4262 arcte
1791 4172 1916 4260 isthmo

264 4321 387 4435 gulae
416 4325 614 4427 adtexta,
643 4325 755 4408 unde
783 4347 974 4438 apertura
1005 4324 1301 4412 branchianun
1330 4325 1469 4413 minus
1496 4325 1667 4442 patula,
1709 4322 1917 4444 praesertim

261 4500 359 4557 cum
388 4482 579 4587 opercula
617 4473 880 4561 brevissima.
941 4480 1100 4594 Corpus
1142 4469 1552 4591 macrolepidotum,
1593 4478 1755 4581 latum,
1794 4502 1919 4567 tenue·

262 4647 368 4708 cano
383 4674 397 4689 ·
412 4647 679 4739 argenteum,
721 4628 846 4711 dorso
874 4657 898 4712 e
926 4632 1241 4714 coerulescente
1268 4631 1412 4727 fusc03
1440 4637 1564 4718 ‚tinea
1585 4635 1779 4718 tacemus
1808 4622 1922 4715 medio

262 4772 521 4876 recussima,
584 4797 752 4862 mutum
805 4782 859 4863 ad
912 4803 1039 4897 caput
1095 4782 1365 4868 adscendens.
1440 4781 1604 4868 firmae
1653 4785 1856 4871 ventrales
1893 4798 1927 4863 et
