4404 5902
261 428 357 513 '2¹4
1029 424 1173 477 εει-ετ

269 642 386 723 roim.
418 624 527 713 latit.
553 619 745 741 corporis
773 651 933 709 summa
962 631 1058 733 75111.
1088 616 1296 707 crassities
1319 622 1398 724 ΔΓΜ.
1428 616 1580 727 (rarius
1606 618 1653 705 in
1680 615 1960 707 teretioribus

263 802 306 869 et
335 779 562 896 majoribus
590 784 704 889 5“‘.).

691 947 805 1056 154.
854 933 1188 1028 CLUPEA
1233 937 1525 1055 Spraiius.

400 1087 452 1173 C.
480 1083 655 1171 maxilla
680 1083 904 1184 inferiore,
934 1080 1144 1194 longiore,
1174 1079 1305 1195 pinna
1318 1079 1488 1165 ¹’dorsali
1515 1077 1727 1166 radiorum
1763 1092 1829 1168 13.

479 1237 642 1351 Clupea
672 1238 879 1348 Sprattus,
909 1238 1000 1317 Lin.
1028 1254 1131 1344 syst.
1159 1237 1254 1316 ΧΠ.
1285 1237 1388 1352 ip.
1419 1247 1512 1320 523.
1541 1264 1604 1347 sp.
1635 1246 1673 1317 a}

478 1393 686 1504 Sprattus‚
750 1386 972 1498 lVilluglrb.
1013 1391 1137 1470 icari.
1182 1420 1222 1500 p.
1260 1421 1353 1471 221.
1407 1389 1500 1503 Raj.
1529 1415 1624 1498 syn.
1654 1394 1754 1501 piac.
1781 1420 1826 1504 p.
1866 1402 1961 1478 105.

536 1575 575 1626 rr.
604 1555 643 1628 5.
674 1542 796 1624 Penn.
825 1538 945 1622 Zool.
975 1541 1078 1622 Brit.
1110 1545 1207 1648 (ito)
1235 1543 1313 1620 ΠΙ.
1342 1573 1383 1654 p.
1412 1552 1506 1625 303.
1536 1570 1575 1621 rr.
1609 1552 1699 1625 162.

479 1693 646 1807 Clupea
674 1723 784 1775 max.
813 1690 934 1775 infer.
964 1689 1177 1803 longiore,
1204 1689 1337 1803 pinna
1366 1689 1436 1775 ani
1464 1691 1552 1775 rad.
1587 1724 1649 1799 ¹9·
1676 1694 1821 1777 Bloch.
1854 1700 1960 1809 pise.

528 1877 661 1958 germ.
688 1848 723 1928 I.
759 1877 797 1961 p.
829 1856 922 1927 206.
955 1875 994 1924 η.
1026 1875 1064 1925 2.
1093 1843 1177 1927 tob.
1209 1877 1274 1949 29.
1295 1853 1379 1956 fid·
1410 1878 1449 1927 n.

395 2002 511 2082 Haec
550 1995 597 2082 n'i
634 1998 759 2083 fallor
798 2017 861 2081 est
900 2025 1008 2108 quae
1051 1993 1163 2079 circa
1191 1996 1412 2078 Revaliam
1442 2017 1486 2081 et
1513 2001 1683 2079 Portum
1709 1992 1966 2082 balthicum

259 2146 431 2268 copiose
460 2150 625 2267 capitur
652 2173 698 2233 et
724 2146 897 2233 condita
924 2145 1172 2230 divenditur
1199 2150 1275 2230 sub
1298 2146 1963 2263 nomineKilla-Snoeudinge*).

729 2475 910 2585 XXVI.
974 2475 1475 2580 scollssul.

362 2860 491 2938 Fama
504 2882 589 2937 non
604 2850 828 2936 admodum
847 2871 960 2933 certa
974 2850 1119 2950 fertur,
1139 2852 1337 2962 Thynnos
1348 2845 1393 2932 in
1404 2854 1537 2932 Ponto
1552 2850 1796 2971 observatos
1816 2852 1964 2955 fuisse,

260 3006 485 3090 eteosdem
499 3002 622 3088 fuisse
636 3000 786 3119 pisces,
803 3000 875 3115 qui
886 3002 1145 3116 Neograecis
1161 3004 1236 3085 sub
1247 3000 1416 3086 nomine
1427 3004 1628 3086 Lahierda
1639 3002 1731 3086 nori
1748 3026 1867 3104 suut3
1890 3008 1968 3091 sed

261 3187 390 3271 quum
401 3152 449 3239 hi
463 3156 603 3273 pisces
613 3154 744 3239 altum
759 3177 903 3237 tenere
920 3155 1095 3253 soleant,
1111 3179 1153 3239 et
1165 3154 1356 3270 piscandi
1368 3154 1529 3252 modus,
1541 3152 1586 3237 in
1599 3153 1969 3242 mmediteruneo

261 3310 316 3392 ad
343 3305 429 3394 hoc
455 3307 631 3392 usitatus
660 3304 733 3391 hic
762 3309 950 3390 nondum
980 3331 1245 3412 exerceatur,
1293 3305 1403 3392 mihi
1446 3310 1500 3392 de
1529 3335 1581 3390 eo
1607 3302 1841 3393 certiorem
1873 3307 1965 3394 fieri

311 3583 350 3675 0)
376 3592 500 3675 Usque
535 3586 652 3657 adbuc
684 3587 843 3655 nondum
882 3583 971 3650 mihi
1009 3585 1134 3670 licuit,
1187 3586 1379 3675 pisciculos
1417 3586 1634 3656 Revalenses
1663 3578 1969 3674 liiiiosrrocmiiuge

383 3705 505 3774 dictos
530 3712 634 3775 vivos
660 3706 891 3776 examinandi
916 3727 983 3773 nec
1009 3707 1098 3774 mihi
1125 3713 1307 3796 specimen
1332 3708 1481 3799 hujusce
1507 3710 1673 3797 pisciculi
1697 3715 1871 3778 curatius
1899 3734 1967 3777 ex·

387 3831 514 3895 siccati
539 3827 600 3895 vel
626 3834 662 3896 iu
688 3832 817 3918 spiritu
843 3831 917 3894 vini
951 3833 1158 3896 conservati
1187 3829 1232 3894 ad
1266 3839 1431 3896 naturam
1467 3829 1672 3898 delineandi
1700 3836 1855 3900 occasio
1884 3852 1968 3899 sese

255 4016 259 4023 ,
383 3949 573 4037 praebuit,
613 3952 676 4018 sed
709 3972 758 4018 ex
795 3949 1108 4017 observationibus
1141 3956 1330 4019 occasione
1362 3949 1535 4041 jentaculi
1561 3955 1734 4019 institutis
1762 3970 1785 4017 s
1814 3962 1968 4042 spruito

383 4068 549 4137 diversus
577 4070 772 4160 pisciculus
798 4067 1005 4136 Revaleusis
1036 4070 1122 4137 mihi
1156 4073 1301 4140 videtur
1340 4092 1453 4160 aeque
1478 4091 1521 4137 ac
1548 4060 1741 4158 Sa'rdinha,
1782 4094 1902 4161 quarn
1930 4078 1969 4140 in

385 4192 474 4279 'sajo
502 4190 615 4258 fluvio
645 4190 751 4287 1795.
780 4189 1000 4277 olysiponae
1027 4192 1228 4261 observavi.
1293 4196 1425 4259 Forsan
1456 4191 1543 4258 mihi
1577 4196 1732 4281 contigit
1757 4196 1796 4259 iu
1824 4198 1964 4261 itinere

384 4308 433 4376 ad
459 4311 688 4381 Germaniam
714 4309 951 4393 instituendo,
976 4314 1105 4381 eodem
1131 4318 1202 4406 jam
1228 4320 1409 4402 tempore,
1436 4336 1511 4403 quo
1536 4311 1701 4402 pisciculi
1731 4314 1964 4384 Revaleuses

385 4430 558 4499 fluviolos
588 4432 790 4500 ascendunt
820 4439 860 4501 st
888 4437 1087 4520 capiuntur
1123 4435 1382 4524 copiosissimi,
1435 4434 1570 4503 ibidem
1603 4434 1846 4521 adveniendi,
1887 4456 1965 4527 quo

382 4572 473 4619 vero
499 4573 586 4619 casu
612 4551 703 4621 mihi
728 4553 887 4624 officium
913 4558 1001 4637 erit,
1053 4561 1194 4623 iconem
1229 4557 1274 4622 ad
1308 4560 1432 4623 vivum
1465 4554 1636 4644 pingendi
1668 4562 1707 4647 et
1740 4558 1964 4645 opinionem

388 4678 548 4742 auctoris
574 4677 689 4743 nostri
715 4673 941 4743 celeberrimi
969 4677 1029 4744 vel
1052 4676 1288 4744 confirmandi
1318 4675 1378 4743 rel
1404 4674 1607 4749 refellendi.
1635 4697 1708 4765 quo
1735 4675 1963 4745 utilissimus

383 4794 563 4886 ejusmodi
598 4795 795 4886 pisciculus
832 4804 940 4868 extra
976 4819 1083 4870 omne
1122 4797 1272 4869 dubium
1302 4796 1490 4888 ponendus
1528 4804 1569 4866 et
1591 4796 1878 4885 distinguendus
1902 4803 1967 4870 sit·

1353 4921 1556 5019 ,motatio
1579 4917 1745 4991 editoris.
