4404 5902
951 289 1098 341 m
1775 278 1865 389 ass

314 483 485 569 Descr.
522 481 738 565 Dodrante
764 487 965 594 majorem
994 514 1080 570 non
1107 483 1213 571 ridi.
1257 487 1409 573 Forma
1436 487 1525 575 lere
1551 493 1719 594 Parcae,
1749 520 1865 587 coms

175 633 369 750 pressior.
429 639 566 749 Caput
593 652 761 716 acutum
773 666 787 726 ,·
843 640 1041 719 maxillae
1082 637 1267 720 tenuiter
1303 637 1514 742 labiatae,
1541 639 1649 754 ⁸ipso
1677 642 1864 756 margine

174 786 460 870 denticulatae
490 785 598 867 ultra
631 801 657 886 4
686 782 820 866 lineas
846 782 1067 868 exsertiles
1098 788 1217 898 (Fig.
1250 791 1336 897 A.)
1363 793 1549 898 inferiore
1576 792 1864 904 sublongiore3

174 937 317 1022 dentes
343 933 522 1032 minuti,
549 931 685 1036 acuti,
715 933 906 1036 curruli,
936 964 990 1018 ex
1020 934 1141 1049 apice
1170 966 1265 1021 ores
1292 941 1366 1022 sub
1395 961 1632 1045 exstantes,
1661 945 1774 1054 (Fig.
1805 951 1865 1055 as)

173 1087 423 1203 praesertim
478 1085 700 1171 inferiores
757 1115 933 1198 quorum
990 1086 1075 1169 duo
1107 1087 1263 1170 'medii
1301 1090 1429 1204 paulo
1485 1096 1685 1200 majores3
1714 1180 1717 1185 ,
1744 1124 1867 1208 supra

175 1237 397 1323 rnboctoni
425 1241 729 1323 decrescentes.
786 1238 911 1321 Oculi
938 1235 1169 1346 majusculi.
1225 1240 1334 1324 Iride
1363 1247 1542 1325 aureola.
1593 1247 1751 1327 Puncta
1780 1246 1866 1335 dua

175 1410 300 1473 teuto
344 1386 609 1502 prominula,
667 1411 866 1488 cutacea,
922 1387 1035 1470 inter
1071 1418 1204 1473 nares.
1262 1389 1469 1504 Opercula
1502 1388 1614 1503 plica
1652 1394 1866 1505 subgulari

173 1567 366 1626 connexa
395 1568 523 1651 usque
554 1539 606 1622 ad
635 1537 796 1622 orbitas
821 1539 1084 1651 squamulosa
1096 1597 1110 1635 ,
1147 1538 1378 1652 squamulis
1402 1538 1448 1620 in
1476 1537 1658 1623 circulos
1682 1543 1864 1644 seriatis,

173 1690 329 1802 angulo
358 1688 509 1791 molli,
558 1718 638 1773 nec
666 1691 848 1773 dentata.
907 1688 1136 1774 flabellum
1163 1687 1408 1775 branchiale
1437 1720 1612 1804 parvum
1640 1694 1715 1776 sub
1744 1723 1864 1806 oper·

174 1841 284 1926 culis
309 1840 472 1942 latens,
518 1838 736 1943 strictum,
777 1837 1140 1953 quadriadiatunr,
1178 1839 1308 1925 radiis
1336 1816 1539 1925 exilibus.¹
1592 1842 1865 1955 Corpns'lan·

174 1990 414 2092 ceolatum,
441 2019 750 2104 compressum,
788 1994 910 2075 dorso
939 2011 1035 2073 ante
1062 1989 1237 2106 pinnam
1263 1987 1528 2074 subcarinato
1546 1995 1652 2102 (Β.)
1681 2001 1864 2108 squamis

174 2142 376 2227 confertis
411 2140 679 2239 minuscuhs,
719 2171 803 2225 non
846 2142 1034 2255 perfecta
1071 2140 1305 2226 rotundatis
1348 2139 1535 2252 margine
1576 2141 1861 2244 denticulatis,

172 2291 495 2408 asperiusculis,
541 2319 617 2405 per
653 2293 782 2376 series
820 2291 1149 2404 longitudinales
1190 2269 1418 2404 dispositis.
1488 2293 1639 2379 Satara
1675 2290 1865 2378 lateralis

173 2475 250 2561 per
277 2466 412 2529 totam
437 2443 748 2555 longitudinem
778 2445 901 2527 dorso
931 2442 1105 2557 propior
1132 2466 1176 2527 et
1201 2442 1435 2557 parallelo,
1466 2443 1592 2526 valde
1621 2442 1863 2556 conspicua,

173 2595 287 2711 poris
315 2595 361 2677 in
390 2593 553 2704 singula
582 2595 800 2705 squamula
827 2592 938 2676 binis
968 2617 1136 2695 notata,
1168 2599 1284 2676 etin
1314 2622 1422 2706 aqua
1447 2594 1664 2678 catenulae
1694 2591 1865 2677 similis.
1975 2659 1979 2665 .

173 2749 327 2830 Pinnae
356 2751 579 2858 pectorales
608 2745 884 2854 majusculae,
910 2743 1258 2859 subpellucidae,
1285 2764 1411 2828 ovato
1439 2765 1611 2846 acutae,
1634 2742 1763 2828 radiis
1797 2757 1863 2830 16.

173 2897 397 2993 fissilibus,
454 2924 629 3006 quorum
669 2894 828 3008 primus
868 2895 1080 3010 simplex,
1134 2892 1302 2978 flexilis
1359 2895 1514 2978 Pinnae
1539 2902 1741 2981 vaurda
1765 2896 1863 2980 lon·

172 3047 387 3162 giusculae
401 3103 418 3143 ,
443 3044 771 3129 coerulescenti·
788 3048 951 3148 fuscae,
989 3076 1069 3128 serr
1091 3045 1306 3146 radiatae,
1339 3075 1514 3157 quorum
1543 3045 1726 3160 primus,
1769 3049 1864 3130 sub·

175 3198 442 3312 spinescens,
481 3193 529 3279 in
567 3197 733 3281 loveola
774 3196 1013 3281 abdominis
1056 3193 1307 3309 repastiles;
1346 3217 1389 3276 at
1415 3203 1630 3309 aquamola
1658 3195 1866 3293 subulata,

175 3349 484 3462 subtriquetra,
531 3347 717 3432 exterius
756 3345 953 3460 utrinque
997 3346 1152 3460 pinnae
1189 3346 1393 3442 accubat,
1433 3369 1477 3429 et
1504 3344 1615 3430 inter
1643 3365 1863 3458 utramque

174 3501 348 3617 pinnam
362 3528 536 3614 squama
550 3499 632 3583 alia
644 3499 783 3612 plana,
815 3499 1056 3584 acuminata
1074 3501 1187 3608 (fag.
1207 3531 1240 3579 r.
1258 3531 1293 3580 a.
1313 3500 1398 3607 B.).
1429 3497 1472 3579 Ρ.
1488 3504 1558 3580 ani
1572 3493 1864 3583 duodecimra·

174 3652 306 3748 dista,
335 3649 467 3734 tribus
479 3648 632 3764 primis
642 3650 993 3764 spinescentibus,
1020 3648 1420 3762 cyaneo-nebulosa,
1439 3645 1702 3760 subhyalina.
1732 3649 1864 3743 Pinna

174 3807 285 3890 dorsi
294 3800 492 3884 continua
501 3801 747 3898 lascescens,
757 3800 1137 3914 cyaneo-nebulosa
1152 3820 1194 3881 et
1208 3796 1444 3897 varians,in
1458 3799 1576 3881 sulco
1588 3796 1701 3881 dorsi
1717 3819 1863 3909 arguto

175 3955 447 4051 recumbens,
478 3953 688 4037 radiorum
717 3986 780 4037 aa.
807 3981 985 4063 quorum
1000 3949 1160 4065 priores
1178 3949 1373 4032 undecim
1400 3947 1578 4062 spinosi,
1605 3949 1678 4051 sed
1700 3968 1861 4050 tenues,

175 4101 331 4214 reliqui
351 4099 561 4185 multifidi.
581 4102 813 4187 Radiorum
826 4131 1020 4185 numerus
1035 4101 1079 4183 in
1096 4099 1327 4183 numerosis
1340 4095 1643 4213 speciminibus
1653 4120 1861 4217 constans.

178 4256 322 4340 Gauda
352 4253 536 4355 furcata,
566 4254 780 4338 radiorum·
810 4287 875 4337 aa.
934 4256 1058 4338 Color
1085 4251 1213 4335 totius
1246 4249 1435 4361 corporis
1460 4246 1719 4362 splendidus,
1748 4279 1861 4335 aura·

175 4428 268 4503 tus,
295 4401 475 4490 subtus
463 4433 509 4486 tn
539 4428 780 4517 argenteum
813 4406 1069 4518 pallescens
1115 4404 1238 4486 dorso
1267 4429 1416 4514 parum
1441 4401 1751 4501 firscescens,
1730 4409 1864 4516 penio-

176 4557 285 4642 ribus
311 4557 463 4666 fg
442 4555 704 4665 l.)subunil
700 4553 853 4654 ormis3
912 4559 1101 4670 perfectis
1135 4549 1279 4662 strigis
1304 4549 1486 4633 laterum
1510 4546 1705 4659 utrinque
1731 4545 1870 4648 ternis
1969 4569 1983 4616 ¹

179 4705 418 4808 continuis,
469 4704 674 4820 integris,
730 4728 775 4792 et
813 4728 962 4819 quarta
1000 4702 1238 4820 superiore,
1280 4700 1396 4788 circa
1428 4721 1612 4785 suturam
1645 4698 1873 4793 lateralem
