4404 5902
255 372 352 481 'tta
439 329 444 339 ’
1041 392 1188 450 ==

398 596 572 684 Descr.
627 586 996 709 Elegantissimus,
1025 588 1268 708 singularis,
1294 582 1555 678 dodrantalia
1583 590 1673 680 fere
1699 589 1962 709 magnitudi-

257 751 350 858 nis,
392 750 518 836 valde
546 775 820 864 compressus.
890 750 1028 858 Caput
1062 775 1329 861 compresso·
1344 744 1580 860 trigonum,
1623 748 1768 832 subtus
1804 749 1963 835 obtuse

255 905 518 1006 carinatutn,
547 900 748 987 lateribus
774 897 933 1016 planis,
963 897 1122 984 vertice
1150 896 1385 1014 inaequali,
1421 898 1694 1014 prominulo,
1723 898 1962 988 orbitarum

258 1054 521 1171 marginibus
548 1075 593 1140 et
622 1049 785 1169 duplici
813 1050 1011 1165 utrinque
1049 1059 1176 1136 cristo
1211 1050 1451 1165 rugiformi,
1492 1049 1721 1139 intervallo
1747 1081 1960 1141 concavo.

257 1212 453 1297 Rostrum
486 1208 640 1294 conica
654 1259 667 1273 ·
680 1208 898 1308 obtusum,
941 1233 1009 1289 ore
1048 1202 1186 1288 minus
1229 1202 1374 1290 stricte
1417 1204 1721 1309 adscendente,
1767 1212 1967 1293 maxillis

258 1362 404 1448 clauso
432 1389 506 1446 ore
534 1357 878 1474 subaequalibus,
908 1378 1075 1472 aperto,
1103 1365 1291 1466 inferiore
1318 1353 1523 1471 longiore,
1554 1358 1753 1442 subacuta
1778 1379 1967 1473 utraque

261 1541 401 1601 crasso
429 1511 617 1627 margine
644 1531 891 1625 exasperata
920 1507 1148 1594 denticulis
1176 1506 1394 1611 confertis,
1423 1506 1494 1592 vix
1525 1505 1805 1624 prominulisa
1844 1540 1969 1597 oreo·

259 1669 328 1757 lae
362 1686 445 1749 tres
482 1663 634 1780 palati,
678 1685 724 1747 et
760 1669 904 1775 lingua
944 1658 1103 1776 pariter
1144 1681 1370 1777 asperatae.
1438 1662 1576 1746 Cirrhi
1610 1663 1693 1747 dua
1728 1658 1965 1773 majusculi

259 1845 383 1935 supra
410 1839 590 1901 rostrum
622 1820 674 1901 ad
704 1843 848 1913 nares,
887 1811 971 1898 duo
1009 1809 1079 1897 vel
1117 1843 1221 1897 unus
1256 1815 1332 1897 sub
1361 1809 1481 1928 apice
1508 1812 1711 1898 maxillae
1738 1810 1969 1899 inferioris

256 1990 304 2057 et
343 1990 519 2086 quotuor
557 1966 889 2086 aequidistantes
932 1966 1008 2048 sub
1047 1966 1238 2079 ejusdem
1276 1966 1427 2066 ramis3
1482 1971 1616 2052 oculei
1658 1966 1745 2051 duo
1788 1958 1971 2053 recurvi

255 2118 371 2207 iuter
413 2149 533 2207 nares
576 2141 620 2205 et
664 2122 749 2204 fere
791 2117 904 2202 inter
944 2116 1114 2202 orbitas.
1187 2118 1395 2235 Operculo
1436 2117 1725 2204 branchiam
1759 2117 1966 2225 inermia,

258 2269 490 2359 hincinde
520 2271 689 2388 punctis
717 2271 874 2372 scabra,
903 2254 1061 2353 lamina
1090 2268 1328 2354 suboculari
1356 2266 1557 2354 inferiore
1585 2269 1775 2385 margine
1805 2272 1969 2361 obtuse

259 2426 470 2538 angulata.
543 2424 714 2509 Orbitoe
756 2421 971 2522 laterales,
1030 2420 1245 2535 superiore
1288 2421 1478 2536 margine
1524 2422 1968 2539 prominentissimae.

259 2577 391 2662 Itides
419 2601 605 2681 auratae,
648 2572 836 2687 margine
874 2571 1077 2688 pupillari
1117 2574 1253 2677 fulvo,
1297 2574 1434 2659 lituris
1470 2574 1732 2674 transversis,
1771 2575 1964 2691 postica,

258 2758 382 2844 supra
409 2727 632 2844 infraque3
685 2728 852 2840 Pupilla
879 2723 1101 2812 virescens.
1174 2726 1405 2814 flabellum
1430 2724 1675 2812 branchiale
1704 2725 1969 2845 quinquere-

258 2879 437 2965 diatum.
494 2883 656 2994 Corpus
689 2875 1071 2993 cathetoplateum,
1128 2875 1410 2993 elapidatum,
1467 2878 1696 2981 lateribus,
1751 2880 1971 2969 tractibus

259 3031 510 3149 praesertim
537 3033 765 3119 secundum
804 3029 973 3115 dorsum
1009 3052 1055 3114 et
1092 3033 1301 3117 abdomen
1337 3029 1741 3145 longitudinalibus,
1788 3032 1970 3149 punctis

260 3206 487 3270 retrorsum
517 3181 675 3300 asperis
703 3184 962 3281 scabratum;
1002 3182 1138 3268 cauda
1166 3205 1356 3268 extrema
1385 3182 1540 3288 laevis,
1569 3182 1709 3269 subito
1736 3207 1842 3299 post
1869 3184 1969 3302 pin·

260 3365 334 3420 nas
364 3337 600 3420 adtenuata.
659 3338 777 3421 Anus
804 3356 902 3419 ante
931 3331 1104 3448 pinnam
1134 3334 1205 3419 ani
1232 3358 1445 3432 remotus3
1486 3337 1561 3421 sed
1588 3365 1736 3419 cavum
1763 3336 1969 3425 abdomi-

259 3486 328 3573 nis
355 3486 621 3602 longissime,
661 3517 876 3602 quousque
918 3487 1048 3570 latera
1089 3510 1297 3602 asperata,
1337 3492 1426 3573 fere
1469 3489 1522 3572 ad
1565 3489 1690 3571 finem
1729 3486 1969 3601 pinnarum

260 3639 377 3724 dorsi
403 3661 449 3724 et
475 3638 631 3738 anelis,
671 3662 912 3741 extensum,
956 3668 1034 3752 pro
1061 3639 1328 3724 continendis
1355 3637 1524 3725 ovariis.
1582 3642 1732 3725 Liaeoe
1763 3644 1970 3729 laterales

260 3787 519 3904 laevigatus,
568 3821 646 3907 per
672 3790 856 3875 mediam
885 3789 1154 3875 latitudinem
1182 3791 1358 3875 latemm
1385 3789 1658 3877 rectissimae.
1729 3792 1866 3879 Color
1895 3798 1968 3881 ab

261 3941 447 4027 dominis
475 3943 803 4040 fulvo-aureus,
844 3969 985 4026 versus
1013 3942 1201 4057 jugulum
1230 3944 1482 4058 pallescens,
1511 3941 1684 4059 pinnam
1714 3942 1789 4029 ani
1818 3976 1970 4034 versus

261 4094 526 4189 luscescens3
581 4096 706 4180 dorso
746 4092 1029 4209 lateribusque
1068 4095 1185 4179 luteo
1199 4145 1213 4159 ·
1226 4096 1486 4201 lascescens,
1528 4094 1668 4181 lituris
1703 4095 1758 4179 ad
1787 4100 1970 4187 dorsum

259 4244 615 4347 lassescentibus,
671 4247 860 4331 maculae
912 4246 1074 4361 aliquot
1120 4269 1358 4362 argentatae
1406 4244 1453 4332 in
1499 4245 1737 4364 operculist
1800 4249 1969 4367 pinnae

262 4398 555 4486 lassescentes.
627 4398 675 4483 P.
719 4407 944 4514 pectorales
984 4398 1202 4505 laterales,
1251 4400 1423 4504 uvales,
1478 4398 1709 4504 maximae,
1751 4395 1968 4515 hyalino·

262 4552 520 4656 maculatae,
550 4546 680 4635 radiis
707 4550 823 4636 fusca
851 4550 1118 4667 interruptis,
1156 4587 1197 4635 ιι
1231 4551 1519 4669 simplicibus,
1545 4550 1838 4669 superioribus
1866 4554 1966 4639 bre·

261 4702 483 4805 rioribus3
511 4708 713 4790 uentmles
739 4702 867 4819 paulo
895 4702 1146 4816 posteriores
1179 4704 1486 4820 pectoralibus,
1516 4726 1703 4791 mamea
1731 4705 1966 4821 jugulares,

261 4851 492 4957 minimae,
534 4852 665 4943 radiis
690 4853 826 4942 tribua
851 4857 1050 4969 sejunctis
1076 4853 1383 4973 inaequalibus.
1438 4858 1573 4947 Pinna
1598 4857 1713 4948 dorsi
1734 4866 1879 4975 primo
1908 4860 1967 4944 ab
