4404 5902
839 321 994 377 a
1659 320 1750 406 149

126 550 188 608 rm
213 521 353 638 ipsum
379 532 521 607 tamen
556 516 749 622 fluvium,
763 515 852 602 <ibi
890 523 975 630 jam
1013 544 1099 606 nou
1136 517 1350 636 rapidum,
1390 544 1607 638 respuere,
1646 549 1772 609 cum.

126 673 347 790 ciopercae
376 697 421 759 et
448 671 629 787 Cyprini
656 670 763 754 varii
792 674 894 754 eum¹
918 672 1201 785 frequentent.

198 827 243 908 N
251 846 311 911 ot.
369 832 418 908 In
460 822 598 909 fluviis
634 845 679 906 et
704 825 876 907 lacubus
903 819 1077 907 Rossiae
1106 820 1271 906 mediae
1297 819 1452 937 passim
1478 823 1649 940 pedales
1676 851 1743 908 oc·

126 1000 261 1080 irunt,
300 975 348 1058 in
386 972 541 1060 Sibiria
584 970 715 1073 etiam
754 974 1040 1058 semiulnares.
1105 971 1320 1089 Petropoli
1346 974 1585 1088 frequenter
1609 982 1779 1097 vanae
1842 1010 1844 1014 ⁴

126 1125 241 1212 iculis
268 1125 511 1212 transversis
546 1124 676 1237 nigris
713 1124 912 1241 utrinque
952 1126 1112 1231 ternis,
1155 1123 1325 1240 quinis,
1368 1124 1502 1231 senis,
1543 1121 1741 1241 septenis,

126 1277 369 1381 onovenis'.

626 1569 907 1644 Antistatio
946 1570 1169 1644 editoris.

167 1712 472 1809 Epinepbelorum
498 1736 609 1804 genus
643 1713 691 1787 65
727 1720 763 1783 in
789 1717 928 1787 Blochii
960 1714 1121 1784 defuncti
1148 1720 1344 1805 systemate
1368 1709 1643 1807 ichthyologtco
1668 1721 1743 1783 sta·

126 1839 209 1901 tum
235 1839 394 1903 maxime
420 1859 466 1904 ex
491 1841 610 1906 Parcis
635 1841 971 1925 imcompositam
996 1843 1064 1904 est.
1117 1840 1235 1904 Pisces
1259 1839 1346 1903 sunt
1369 1832 1637 1923 heptapterygii
1660 1832 1744 1902 thu·

127 1956 174 2020 ici
199 1957 319 2042 capite
344 1963 426 2023 toto
456 1965 644 2046 squamato
677 1956 853 2046 operculo
892 1960 1072 2024 anteriore
1111 1963 1251 2023 serrato
1289 1958 1492 2045 posteriore
1525 1952 1662 2020 eculeis
1685 1972 1746 2052 arf

126 2081 171 2143 to.
212 2075 315 2142 Conf.
341 2075 468 2144 Bloch.
497 2081 585 2166 pisc.
613 2083 713 2145 exot.
740 2075 778 2143 h.
807 2080 885 2144 vll.
914 2099 949 2164 p.
983 2097 1038 2144 ιι.
1066 2096 1179 2164 genus
1204 2079 1272 2141 Lx,
1322 2071 1584 2163 Epiuephelum
1610 2076 1744 2142 Oceani

126 2193 249 2263 entslis
276 2200 311 2260 in
332 2202 433 2264 Actis
457 2202 590 2263 nostris
616 2201 818 2263 novissimis
844 2198 1052 2283 (Mensoires
1078 2197 1124 2264 de
1150 2195 1373 2262 l‘Acedemie
1397 2193 1590 2282 Mperisle
1613 2193 1677 2262 des
1689 2213 1741 2262 sc.

133 2318 187 2382 st.
213 2316 427 2404 Petersburg
464 2316 547 2386 Vol.
575 2321 635 2385 IV.
671 2316 746 2385 tab.
775 2320 867 2385 xvi.
903 2316 1099 2410 descripsi,
1152 2335 1261 2404 quem
1301 2320 1494 2411 postquam
1525 2334 1608 2381 cum
1633 2319 1744 2382 Percu

126 2431 226 2501 iabili
266 2434 427 2501 Pallassii
468 2441 584 2502 minus
619 2443 790 2503 accurate
835 2435 956 2504 forsan
1000 2457 1048 2503 ex
1093 2439 1290 2525 specimine
1328 2437 1514 2502 exsiccato
1552 2430 1742 2503 Merkieno

126 2560 243 2643 cripta
278 2560 590 2643 comparaverim,
627 2577 695 2645 pro
733 2577 803 2622 una
828 2552 1037 2645 ‘eademque
1077 2560 1202 2645 specie
1238 2553 1364 2625 habeo·
1419 2557 1536 2642 Quum
1560 2573 1648 2621 vero
1673 2571 1741 2622 nec

126 2679 208 2741 :unii
233 2678 381 2762 icones,
410 2680 580 2765 (quarum
606 2681 648 2740 11.
674 2675 751 2744 tab.
782 2673 838 2745 16.
879 2676 996 2742 Pallas
1023 2676 1069 2743 ad
1096 2682 1242 2745 Percam
1268 2695 1368 2742 suam
1391 2668 1448 2773 (n.
1480 2676 1742 2769 177.)0ceana

126 2795 247 2863 sutelis
274 2801 426 2882 citavit,
455 2816 573 2882 neque
600 2799 731 2864 Percae
757 2797 960 2886 descriptae
986 2802 1169 2884 specimen
1193 2800 1421 2864 exsiccatum
1445 2801 1483 2863 iu
1509 2802 1655 2885 promtu
1677 2799 1746 2889 sit,

129 2914 277 3004 nepheli
306 2920 377 2984 mei
405 2917 689 3007 descriptionem
713 2923 753 2984 et
775 2920 917 2985 iconem
943 2921 1064 3007 potius
1088 2915 1249 3001 addere,
1296 2925 1338 3007 ut
1363 2915 1519 2985 lectores
1545 2919 1615 3005 ipsi
1641 2937 1741 2989 com·

126 3056 189 3105 are
213 3043 254 3107 et
279 3037 475 3126 dijudicare
500 3039 667 3124 possint,
694 3057 801 3125 quam
830 3040 923 3107 certi
949 3037 1036 3124 quid
1059 3035 1305 3120 contendere,
1339 3036 1540 3107 consultius
1565 3035 1665 3106 duxi.
1691 3124 1716 3135 ,Δ

234 3289 534 3406 Epitreplselus
568 3288 746 3377 cilicias
780 3286 1132 3378 Comtsclsotlcus
1177 3296 1227 3377 et
1262 3287 1596 3380 Americonus..

185 3482 283 3577 Qui
332 3484 645 3594 continuatius
680 3442 903 3595 ¹illituum.
935 3554 958 3571 ..
982 3481 1098 3576 Tab„
1137 3490 1243 3570 XVI.
1291 3488 1385 3588 Fig.
1446 3474 1548 3569 1'—-
1569 3490 1612 3574 6.
1742 3590 1746 3597 .

152 3695 262 3759 Piscis
300 3711 424 3759 macro
444 3730 458 3746 ·
479 3696 518 3758 et
552 3683 852 3780 microlepidotus
886 3713 1067 3782 purpureo
1099 3690 1282 3760 rufescens
1313 3692 1375 3760 vel
1408 3698 1582 3782 argenteo
1618 3692 1746 3764 fuscus

126 3808 196 3878 lulis
223 3818 262 3878 et
284 3811 490 3901 bipedalem
521 3810 802 3900 magnitudinem
827 3813 1010 3881 interdum
1036 3813 1240 3900 attingens,
1267 3810 1608 3902 acanthnpterygius
1631 3820 1740 3882 mari·

126 3960 128 3990 ι
166 3935 311 4000 Oceano
356 3931 526 3999 orientali
564 3928 853 4001 Camtschatcarn
892 3939 929 4000 et
966 3926 1169 4001 Amerinam
1208 3932 1361 4001 alluenti
1398 3936 1611 4023 propriuss
1636 3934 1750 4003 nullo'·

126 4053 293 4120 ssicorum
321 4055 631 4143 peregrinatorum
657 4071 724 4119 nec
750 4070 772 4117 a
795 4048 927 4121 Stellero
955 4074 1022 4121 nec
1049 4049 1176 4122 Martio
1201 4055 1434 4142 descriptus,
1462 4074 1530 4122 aec
1559 4057 1639 4143 ipso
1666 4047 1747 4123 1²01·-

126 4170 152 4238 io
191 4193 348 4262 unquam
397 4172 541 4240 allatus.
611 4169 717 4239 Oculi
751 4169 859 4260 lsujrrs
897 4176 1007 4264 piscis
1045 4178 1165 4268 magni
1202 4171 1514 4267 periilhthslmio
1549 4178 1641 4243 tecti
1676 4174 1738 4244 vel

126 4289 195 4359 >uls
223 4292 401 4378 obducti,
440 4311 511 4382 qua
537 4292 583 4358 de
605 4313 648 4358 re
672 4286 823 4361 Blochr‘us
846 4301 966 4381 generi
993 4296 1124 4362 nornen
1150 4288 1364 4384 (atodaugi)
1388 4286 1606 4385 Epitaphius
1627 4295 1739 4365 dedit.

126 4425 175 4495 put
196 4433 371 4497 osseum,
410 4411 578 4495 declive,
619 4431 806 4501 crassum,
843 4413 1158 4502 breviusculum,
1179 4419 1335 4502 squamis
1372 4414 1570 4483 minoribus
1606 4394 1750 4485 cilidtis'

126 4522 320 4618 inertum,
364 4529 515 4599 maxilla
548 4531 717 4599 inferiore
750 4538 977 4621 prominente
1007 4534 1053 4601 ad
1077 4535 1239 4603 &aenum
1265 4538 1338 4600 oris
1364 4533 1540 4603 latissima
1564 4535 1745 4625 operculo·

126 4649 231 4719 teriori
258 4659 296 4720 et
323 4653 483 4721 inferiori
509 4656 699 4742 conjuncta
725 4659 764 4720 et
789 4655 946 4723 ossiculo
972 4663 1156 4744 mystaceo
1180 4654 1227 4721 ad
1253 4657 1325 4721 oris
1350 4653 1512 4722 fraenum
1539 4654 1740 4724 latescente

126 4764 230 4870 inque
260 4772 420 4844 obtecta.
484 4769 570 4843 Ossa
600 4770 749 4841 labialfu
771 4777 946 4868 utrinque
974 4781 1127 4866 angusta
1157 4773 1294 4844 labium
1327 4779 1489 4864 superius
1513 4774 1740 4866 protractile,

1242 4902 1293 4975 da
