4404 5902
881 285 1025 357 ‘'¹¹''
1708 273 1798 381 549

209 483 375 571 Tataris
415 484 739 573 Casaniensibus
777 485 1095 578 Aeschnaescla3
1157 482 1341 569 tauricis.
1360 557 1364 563 .
1385 480 1488 570 item
1536 491 1623 574 Ala
1637 541 1652 556 ·
1667 491 1806 606 balylt

266 637 422 749 (varius
449 638 597 755 piscis)
624 639 695 723 vel
725 635 965 763 Tsclzubar·
979 635 1110 749 aalys
1140 635 1391 750 (maculosus
1419 635 1584 760 piscis).

210 788 406 882 Buraetis
428 789 690 906 Dshebboen.
713 854 716 864 .

209 941 382 1029 Aleutis
404 940 642 1060 Zadjunalass
1370 1018 1374 1023 .

207 1094 344 1180 Persis
371 1098 498 1209 Kysis
512 1097 642 1230 ‘ssam‘’
697 1094 880 1210 Dugoris
908 1093 1084 1183 Caucasi
1110 1100 1312 1213 Kesazgu

211 1243 461 1361 Georgianis
489 1249 683 1333 Kalmclt.

237 1404 288 1483 In
316 1397 513 1486 omnibus
534 1398 686 1508 titulis
712 1400 1080 1514 glareososaxosis
1108 1383 1433 1490 intermontania
1460 1403 1633 1493 Kossiae
1661 1439 1798 1527 usquc¹

93 1552 156 1636 nd
181 1551 390 1651 Carnam,
412 1548 468 1678 in
490 1551 709 1652 caucaso,
736 1575 780 1636 et
810 1552 914 1636 Asia
940 1553 1083 1637 media
1111 1555 1221 1640 forte
1245 1577 1369 1662 tota,
1392 1558 1525 1642 immo
1560 1556 1607 1643 in
1634 1582 1794 1646 torren-

92 1706 212 1793 tibus
252 1703 486 1789 insularum
524 1704 817 1790 Aleuticarutn
858 1732 1006 1789 versus
1042 1705 1289 1790 American}
1327 1707 1560 1823 positarum
1598 1711 1794 1826 frequens

92 1854 256 1974 piscis,
278 1854 391 1941 inter
417 1887 521 1940 saxa
544 1856 778 1943 et.radices
808 1857 1058 1941 delitescere
1088 1877 1132 1938 et
1159 1854 1323 1941 insecta
1348 1859 1493 1971 legere
1520 1890 1687 1960 amans,
1715 1863 1791 1947 ubi
1905 1947 1908 1951 .

96 2042 123 2097 a
151 2005 293 2123 gnatis
318 2038 447 2095 manu
472 2006 600 2131 facile
626 2007 820 2123 capitur,
847 2007 956 2093 alias
978 2005 1122 2090 hamis
1144 2003 1313 2094 insecta
1336 1986 1544 2095 inescatis
1604 2018 1660 2095 In
1683 2012 1792 2099 Sibi-

93 2161 189 2249 aiac
213 2157 332 2273 aquis
358 2132 508 2265 deest,¹
520 2247 526 2257 ,
541 2158 606 2243 nti
641 2166 795 2244 Brama
833 2182 878 2244 et
913 2165 1106 2244 Astacus.
1165 2159 1423 2273 Magnitudo
1451 2159 1584 2246 rarius
1609 2163 1790 2278 pedalis,

96 2312 314 2401 rarissime
339 2280 505 2429 major}
553 2311 730 2397 maximi
758 2312 937 2397 Tauriae
967 2311 1193 2426 pedalibus
1215 2313 1305 2398 fere
1334 2320 1511 2426 majores
1539 2310 1587 2398 in
1613 2314 1793 2403 fluviolo

94 2473 278 2553 Katassu
309 2464 426 2550 inter
447 2495 551 2549 saxa
578 2487 838 2583 erumpente.
882 2461 1102 2550 Caucasici
1130 2486 1175 2549 et
1201 2492 1326 2580 saepe
1353 2457 1527 2550 Taurici
1554 2463 1790 2580 nigrescen-

94 2641 168 2705 tes
193 2619 354 2725 (ΤΑΒ.
372 2624 459 2734 fig.
481 2625 588 2745 ¹a..);
625 2615 673 2701 in
699 2617 852 2703 Russia·
876 2645 1027 2731 gryseo
1045 2617 1379 2720 ·flavescentes.„.
1412 2617 1486 2702 vel
1510 2613 1647 2703 dilute
1675 2616 1789 2705 cine·

95 2792 343 2876 nascentes,
369 2768 587 2884 argentaci.
645 2775 866 2884 Nusquam
891 2765 1072 2853 inmari
1103 2769 1348 2855 observatus
1360 2831 1381 2876 ‚
1410 2766 1464 2856 in
1486 2767 1591 2856 cibo.
1611 2769 1792 2859 delicio·

96 2921 312 3035 sissimus,
365 2952 444 3007 nec
485 2920 617 3031 facile·
652 2943 910 3037 putrescens.
971 2924 1089 3007 Cutis
1128 2919 1332 3036 pinguis,
1380 2918 1791 3038 patencl'rpmetosa,

96 3073 248 3160 edulis.
279 3081 463 3180 Parvae,
488 3042 791 3191 dodrandales‚
822 3071 959 3158 minus
988 3076 1185 3158 dentatae
1214 3070 1355 3157 rubris
1376 3070 1598 3188 nigrisque·
1618 3074 1788 3187 punctis

91 3249 243 3317 carent
269 3200 575 3344 utplurimum,
611 3228 688 3311 sed
713 3202 952 3340 variegatae
985 3222 1131 3311 lituris.
1151 3224 1337 3308 laterum
1359 3221 1518 3322 fuscis,
1557 3224 1648 3307 fere
1673 3246 1789 3310 octo·

90 3378 190 3484 nis,
227 3408 308 3494 per
329 3401 514 3465 nautam
543 3378 761 3464 lateralem
788 3376 1048 3477 transversis.
1112 3377 1340 3489 caudaque
1367 3369 1443 3477 his
1464 3373 1599 3490 magis
1624 3353 1787 3463 biloba·

92 3531 257 3620 Vivum
296 3530 520 3618 Farionem
557 3560 639 3648 per
670 3527 862 3614 medium
899 3530 1128 3616 dissectum
1165 3549 1209 3611 et
1247 3523 1523 3610 contracturis
1559 3523 1789 3611 tendinum

89 3683 358 3802 applicatum
385 3682 692 3769 Tauro-tatari
719 3711 801 3797 pro
824 3682 1022 3797 specifico
1050 3678 1240 3765 remedio
1268 3677 1493 3765 extollunt
1534 3675 1630 3768 Ova
1656 3680 1790 3793 lutea,

90 3835 390 3953 magnitudine
417 3838 460 3921 S.
487 3834 645 3921 nobilis
669 3834 806 3918 ovulis
834 3866 921 3918 non
947 3831 1163 3916 cedentia.

206 4005 323 4089 250.
368 3996 648 4088 SALMO
693 3996 1066 4116 Erythraeus,
1115 3993 1252 4126 ΤΑΒ.
1278 3989 1477 4102 LXXII.
1504 3984 1588 4109 fig
1630 4017 1678 4083 1.

236 4143 279 4225 S.
304 4139 482 4225 martille
507 4138 707 4225 inferiore
734 4140 863 4254 paulo
889 4135 1099 4250 longiore,
1127 4164 1307 4254 corpore
1331 4137 1460 4220 rubro
1482 4155 1660 4249 guttato,
1691 4133 1785 4225 aub-

87 4316 164 4383 tus
190 4294 395 4392 rubente,
447 4291 592 4409 pinnis
617 4289 754 4377 rubris
781 4286 938 4376 dorsali
966 4309 1166 4420 pupctata
1193 4284 1582 4375 duodecimadiata
1592 4345 1609 4387 ,
1652 4288 1787 4391 cauda

89 4445 262 4537 biloba
992 4558 1001 4575 .
1097 4419 1102 4428 .

319 4599 361 4685 S.
389 4593 657 4724 erythrinus,
696 4597 848 4708 Georgi
886 4603 1019 4681 itiner.
1043 4598 1076 4681 Ι.
1107 4624 1148 4711 p.
1181 4607 1269 4684 156.
1298 4593 1385 4682 tab.
1419 4628 1454 4681 ι.
1471 4595 1559 4711 fig.
1594 4626 1628 4680 a.
1656 4591 1787 4687 Gmal·

375 4770 481 4871 aya.
509 4752 586 4837 nt
616 4782 657 4867 p.
692 4761 816 4861 aaa*
838 4781 877 4836 η.
907 4759 976 4889 5}
