4404 5902
301 390 398 489 sos
638 518 648 535 ο
1081 418 1229 474 ==

305 634 409 699 serio
433 628 619 700 radiorum
647 628 687 697 in
711 628 830 718 pinnis
859 646 1037 711 numero,
1074 646 1184 717 quem
1215 618 1325 697 Pallas
1354 625 1434 714 lpse
1462 628 1502 693 ln
1532 626 1751 697 lenensibus
1785 640 1997 722 annotavit,

303 749 504 821 sedetiam
530 755 661 840 ospitis
685 760 725 819 et
749 750 928 818 labiorum
960 754 1170 834 structura,
1207 751 1276 813 nisi
1312 744 1404 815 haec
1440 751 1479 815 in
1514 747 1639 837 figuris
1672 754 1714 819 et
1746 748 1999 843 descriptione

299 863 450 939 Pollassii
474 871 642 959 neglecte
667 874 741 953 sit,
768 873 914 936 omnino
940 868 1072 937 differt.
1111 865 1284 935 Labeonis
1309 870 1478 936 Davuricl
1502 872 1615 957 caput
1639 871 1908 955 opprinsceum
1934 884 1992 947 est

298 988 407 1057 labiis
444 989 568 1057 inferis
604 989 850 1057 crassiusculis
888 988 991 1055 nullo
1026 987 1136 1053 modo
1174 987 1360 1075 productis
1397 988 1615 1057 instructum
1651 986 1744 1075 (vid.
1783 992 1879 1063 Tab;
1918 1000 1996 1069 xv.

297 1111 373 1196 rig.
401 1126 437 1177 a.
467 1110 499 1174 Α
526 1116 570 1177 es
589 1108 660 1193 B),
703 1108 768 1176 sed
793 1112 943 1196 cvprini
975 1108 1123 1205 rostrati
1154 1112 1266 1194 caput
1297 1104 1444 1193 longum
1475 1104 1608 1195 angulo
1634 1114 1738 1175 recto
1765 1108 1805 1176 in
1829 1120 1991 1185 rostrum

297 1226 490 1295 descendit
511 1234 722 1296 truncatum
748 1235 787 1297 et
811 1224 886 1295 fere
912 1230 1082 1315 equinum
1107 1232 1165 1293 est
1190 1223 1318 1315 (conf.
1375 1224 1466 1292 st.
1490 1230 1537 1295 V.
1563 1230 1637 1315 lig.
1665 1246 1698 1295 ι.
1725 1230 1798 1316 is.)
1825 1230 1927 1303 labis
1946 1257 1994 1307 ex

294 1354 419 1416 rostro
454 1338 630 1416 verticuli
660 1368 782 1417 crassa
820 1367 970 1415 ceroma
1008 1349 1155 1435 pinguis
1193 1344 1408 1414 subcrenate
1444 1352 1486 1413 et
1523 1346 1707 1436 pspillose
1751 1357 1990 1442 prominent,

294 1471 410 1538 rictus
449 1473 622 1555 augustus
660 1466 859 1537 fornicatus
898 1468 1032 1535 clibani
1076 1464 1216 1532 oriircio
1256 1468 1361 1554 quasi
1396 1462 1499 1533 hians
1534 1472 1575 1534 et
1599 1466 1791 1555 singuulsris
1816 1476 1988 1547 maxilla

293 1590 490 1678 superioris
515 1585 723 1654 inferiorem
749 1591 846 1655 intus
872 1606 1074 1676 repressam
1108 1584 1362 1674 amplectentis
1396 1590 1436 1652 et
1462 1582 1635 1653 deformi
1661 1594 1853 1659 structura
1879 1598 1931 1663 its
1951 1600 1986 1665 in

293 1707 422 1777 oculos
454 1710 606 1773 incurrit
636 1714 676 1775 et
712 1710 765 1774 its
796 1705 970 1774 abhorret
1000 1705 1046 1772 ab
1080 1704 1222 1773 orificio
1256 1711 1295 1773 et
1323 1706 1445 1792 capite
1475 1703 1649 1771 Labeonis
1686 1711 1725 1775 in
1751 1710 1873 1798 figura
1896 1736 1984 1785 none

288 1826 441 1896 tabulae
468 1830 583 1892 xime
609 1824 693 1896 Vol.
721 1830 781 1890 1mi
806 1833 900 1894 Non.
936 1828 1018 1894 Act.
1044 1830 1191 1913 Petrop.
1219 1824 1419 1906 delineato,
1445 1830 1488 1891 nt
1510 1825 1574 1889 vix
1599 1826 1811 1917 intelligere
1837 1838 1980 1922 poesim,

289 1946 476 2037 quomodo
502 1954 633 2016 auctor
657 1945 773 2013 celeb.
800 1946 953 2013 formam
981 1943 1159 2035 ejusmodi
1184 1943 1394 2011 abnormem
1419 1941 1568 2011 silentio
1591 1954 1796 2035 praeterire
1810 1958 1977 2041 potuerit.

147 2088 153 2099 ·
286 2068 408 2134 Etiam
433 2070 472 2133 in
496 2070 692 2136 exsiccatis
719 2066 976 2154 speciminibus
1009 2071 1166 2132 rostrum
1200 2062 1333 2151 angulo
1364 2068 1470 2132 reoto
1494 2062 1718 2133 descendens
1744 2075 1786 2139 et
1809 2092 1878 2141 ore
1902 2074 1975 2143 mi>

285 2189 349 2253 tus
373 2183 477 2253 hians
502 2194 656 2276 angusto
681 2185 876 2252 admodum
902 2188 1137 2272 conspicuum
1162 2190 1220 2250 est
1245 2190 1285 2249 et
1309 2202 1331 2249 a
1354 2176 1503 2285 Pullsssii
1530 2184 1655 2271 liguris
1679 2193 1767 2256 toto
1791 2192 1902 2261 coelo
1923 2193 1973 2261 di·

284 2323 460 2388 versum,
501 2314 543 2375 ut
573 2306 646 2374 boc
678 2304 766 2372 mihi
797 2325 846 2370 ex
878 2309 996 2395 quinis
1030 2299 1206 2371 sMerlt'o
1239 2301 1418 2371 indefesso
1450 2306 1646 2371 exsiccatio
1671 2313 1713 2375 et
1738 2326 1763 2377 e
1788 2312 1971 2405 Cosymse

283 2421 402 2491 iluvio
426 2424 547 2493 allatis
575 2424 857 2516 speciminibus,
899 2443 994 2512 quae
1016 2443 1140 2491 coram
1164 2420 1284 2489 baben
1307 2431 1558 2511 comparatum
1582 2430 1624 2492 et
1647 2437 1883 2515 compertum
1905 2440 1966 2503 η,

280 2543 333 2611 0s
357 2563 431 2610 non
456 2551 514 2614 est
539 2544 746 2635 productile
771 2564 839 2611 nec
864 2542 1038 2631 operculn
1062 2542 1253 2625 molimen,
1278 2562 1410 2631 corpus
1435 2562 1508 2609 non
1532 2543 1866 2635 macrolepidotuns
1891 2550 1967 2637 sed·

281 2668 425 2732 mtione
450 2662 606 2732 aliorum
631 2668 875 2755 Cyprinorum
904 2668 1026 2752 potius
1052 2661 1381 2749 mlcrolepidoturn.
1431 2664 1540 2729 Pinna
1565 2662 1664 2731 dorsi
1689 2686 1765 2733 non
1789 2678 1851 2739 est
1873 2669 1964 2739 tusco

279 2787 425 2850 cinerea
450 2780 520 2852 nec*
544 2783 774 2851 ostoradiats
786 2829 800 2867 ,
839 2782 904 2848 sed
929 2782 1265 2851 duodecimradiata
1291 2780 1490 2848 flavescens
1515 2781 1724 2871 diophane,
1764 2790 1964 2875 pectorales

279 2921 353 2967 non
385 2921 429 2992 ¹9
456 2902 520 2969 sed
551 2906 593 2990 ¹4
619 2902 727 2969 radiis
752 2901 935 2985 suffultae,
961 2911 1126 2986 caetera,
1154 2919 1248 2989 quae
1271 2904 1309 2964 in
1332 2904 1489 2988 cyprino
1513 2910 1677 2975 rostrato
1700 2906 1849 2977 diverse
1872 2918 1959 2995 sunt,

276 3022 316 3087 in
342 3024 421 3109 ipsa
445 3021 691 3111 descriptione
716 3030 755 3090 et
779 3021 972 3111 figurarum
999 3022 1245 3113 explicatione
1271 3018 1429 3091 afferam

348 3163 669 3252 Descriptio
711 3158 848 3255 Cyprim'
878 3166 1012 3233 rostrati
1045 3164 1221 3250 Tungusis
1267 3159 1314 3227 sd
1338 3164 1539 3251 Covyrnam
1579 3166 1668 3233 ilur.
1697 3164 1960 3243 Tscbnlutsrbrs

421 3290 460 3352 et
497 3288 672 3372 Jucsgirir
709 3280 874 3355 Osattths
913 3286 1012 3353 dicti.
1051 3284 1139 3352 Tnb.
1165 3287 1239 3352 XV.
1276 3284 1349 3369 rig.
1380 3303 1396 3350 1
1424 3322 1472 3339 -
1495 3284 1531 3357 5·
1571 3284 1667 3376 (Det
1691 3284 1956 3389 lllt‘tffsllarpfu,

421 3400 649 3496 dlomstopt').
924 3400 927 3407 ’
1758 3389 1764 3401 ’

371 3518 568 3609 Magnitudo
593 3530 630 3590 in
657 3527 790 3597 adultis
816 3530 946 3619 pedem
974 3531 1119 3617 superat
1134 3571 1146 3607 ,
1174 3522 1237 3589 sed
1262 3524 1371 3588 trium
1397 3526 1661 3615 epithematum
1690 3528 1951 3621 longitudinem

270 3642 337 3708 vix
363 3646 523 3730 attingit.
550 3641 660 3736 Caput
686 3669 827 3714 osseum
856 3649 1002 3739 longum
1030 3651 1150 3714 sntice
1175 3649 1294 3709 rostro
1319 3642 1563 3718 descendente
1587 3660 1802 3719 truncatum
1829 3662 1950 3745 equino

270 3762 389 3829 simile
415 3784 522 3858 quam
547 3766 698 3834 obrem
724 3768 898 3835 Ruthenis
924 3764 1031 3839 Konb
1057 3767 1192 3832 dicitur
1218 3763 1298 3829 aliis
1325 3768 1503 3853 Produst‚
1544 3748 1717 3858 quoniam
1745 3792 1788 3837 os
1815 3776 1949 3855 subtus,

268 3889 312 3951 nt
334 3878 373 3950 ln
398 3888 510 3954 Cotto
536 3886 773 3975 cataphracto
800 3888 859 3955 vel
887 3893 1014 3974 Agono
1039 3888 1324 3973 accipenserino,
1350 3888 1413 3952 sed
1441 3894 1553 3957 rictus
1579 3895 1654 3956 oris
1682 3892 1741 3955 vel
1768 3894 1939 3957 orificium

268 4001 434 4074 lunatum
457 4027 530 4073 non
555 4008 714 4097 amplum
742 4008 804 4074 sed
830 4014 1020 4096 angustum
1046 4006 1151 4071 labiis
1178 4010 1307 4072 crassis
1332 4010 1523 4098 pinguibus
1537 4015 1794 4097 marginatum,
1820 4010 1941 4077 lobium

265 4128 426 4192 anterius
451 4126 694 4213 fornicatum,
738 4126 876 4193 enubitu
911 4124 1176 4192 semicirculare
1207 4130 1346 4196 ossibus
1377 4129 1572 4197 labislibus
1598 4129 1658 4196 vel
1685 4135 1880 4217 mystaceis
1899 4126 1939 4194 sd

263 4240 427 4311 noenum
452 4250 525 4313 oris
550 4243 852 4314 descendentibus
876 4251 1032 4314 arcuatis
1058 4244 1261 4313 lateraliter
1283 4256 1438 4336 tectum,
1464 4250 1598 4316 labium
1620 4254 1806 4337 posterius
1817 4254 1933 4325 minus,

264 4368 429 4450 rectum,
473 4365 519 4432 ab
552 4370 725 4434 anteriori
756 4366 931 4434 inclusum
966 4365 1175 4454 amplexum
1202 4368 1350 4455 papillis
1375 4371 1673 4435 numerosissimis
1696 4365 1924 4452 presulatum.

261 4478 354 4552 Oculi
378 4483 550 4555 laterales
576 4506 597 4551 s
623 4494 743 4554 rostro
769 4491 897 4552 remoti
925 4484 1100 4575 operculo
1125 4491 1318 4574 posteriori
1355 4486 1552 4555 brenchisll
1582 4486 1825 4573 approximsti
1847 4494 1917 4543 on·

259 4602 343 4687 les,
368 4605 517 4672 iridibus
543 4611 660 4674 aureis
685 4627 840 4697 superne
865 4606 1157 4693 angustioribus,
1186 4606 1325 4695 pupilla
1351 4628 1459 4695 supra
1482 4610 1639 4672 centrum
1665 4607 1793 4688 posita.
1820 4588 1906 4665 ,l'ntt

257 4723 306 4789 ed
340 4731 537 4814 marginem
567 4726 709 4794 orbitas
740 4731 959 4795 anteriorem
991 4725 1156 4814 duplices
1187 4730 1225 4793 iu
1256 4728 1358 4796 sulco
1388 4722 1565 4817 profundo
1596 4737 1710 4791 osseo.
1772 4708 1896 4799 Ope-21¹
2007 4756 2020 4777 -.

257 4839 452 4918 trastbldis
475 4845 726 4940 trilamellsts,
750 4851 876 4921 taneta
901 4846 1040 4918 tstniot
1063 4866 1148 4915 cum
1172 4846 1314 4917 ossibus
1336 4843 1508 4915 maxillae
1535 4840 1724 4941 superioris
1737 4829 1888 4915 ,wurdt
1993 4868 2020 4917 'n
