4404 5902
848 299 996 352 εξ
1670 271 1764 372 593

71 484 259 611 eapitur,
288 481 334 569 in
360 485 533 572 urbibus
561 484 734 572 Rossiae
762 518 838 602 pro
867 488 1004 574 nobili
1023 489 1181 573 ferculo
1202 484 1386 576 habitus.
1415 492 1563 579 Nelmo
1580 491 1761 579 Sibiriae

72 639 179 722 adeo
208 668 354 752 parum
383 637 582 740 differta
609 640 726 755 pisce
755 640 948 754 caspic0,
993 665 1038 727 ut
1073 674 1151 757 pro
1182 645 1384 727 varietate
1413 667 1576 745 tantum
1605 644 1661 730 sit
1687 645 1762 731 ha·

67 791 221 880 benda.
253 790 442 904 quamvis
470 770 699 904 distinguat
727 795 933 879 Gmelinns
960 793 1114 891 senior,
1144 797 1190 878 in
1218 798 1405 880 itinerar.
1422 799 1582 883 Vottt.
1605 832 1646 913 p.
1667 813 1762 885 513.

211 947 401 1029 Descr.
460 942 642 1027 Maximi
672 946 846 1030 duarum
875 975 999 1060 saepe
1029 949 1219 1030 ulnarum
1248 945 1540 1061 longitudine,
1572 951 1760 1066 pondere

65 1097 177 1182 ultra
202 1095 377 1209 triginta
405 1094 532 1181 libras
560 1096 691 1180 immo
720 1096 917 1183 dicuntur
943 1101 999 1184 ad
1034 1099 1311 1213 quadraginta
1349 1104 1566 1188 accedere.
1624 1105 1762 1219 Caput

68 1253 259 1362 longum,
291 1278 465 1364 corpore
494 1247 726 1363 angustius,
755 1272 888 1332 rostro
916 1249 962 1333 in
991 1226 1166 1364 longum
1193 1249 1314 1364 quasi
1341 1281 1496 1337 conum
1524 1283 1764 1341 convexum

64 1402 350 1518 productum,
378 1398 547 1485 nonnisi
573 1430 655 1515 qua
684 1402 881 1513 opercula
903 1430 1212 1517 compressum
1241 1425 1418 1490 rostrum
1443 1427 1656 1507 retusum,
1683 1410 1762 1493 de-

63 1557 606 1671 presso-subtetragonum,
633 1560 812 1640 maxilla
839 1563 1044 1666 superiore
1073 1556 1281 1656 breviore,
1308 1558 1762 1672 depresso-fornicata,

63 1713 237 1795 laminis
262 1715 485 1819 mystoceis
513 1703 700 1817 magnis,
737 1705 959 1819 oblongis,
1000 1707 1263 1808 latiusculis,
1299 1688 1419 1823 apice
1446 1711 1571 1824 plane
1600 1710 1760 1817 solutis,

64 1861 220 1945 fraeno
250 1889 425 1944 carnoso
454 1857 612 1973 plicato
649 1860 829 1946 eandem
875 1861 1153 1960 adnectente3
1207 1868 1385 1946 maxilla
1423 1865 1589 1973 inferior
1630 1861 1762 1947 etiam

64 2012 211 2100 clauso
239 2042 310 2097 ore
340 2013 474 2097 multo
503 2008 697 2123 longior,
735 2012 970 2096 rotundata.
1027 2013 1088 2098 Os
1129 2015 1257 2128 plane
1295 2013 1574 2117 edentulum
1616 2021 1762 2128 lingua

65 2165 218 2280 plana,
248 2167 474 2262 subacuta,
503 2193 624 2277 supra
655 2161 821 2277 duplici
846 2163 955 2247 serie
986 2164 1297 2251 denticulorum
1324 2189 1492 2253 tantum
1519 2169 1574 2252 ad
1600 2187 1761 2253 tactum

66 2315 414 2435 perceptibilium
445 2321 616 2416 scabra,
655 2338 702 2401 ut
730 2338 772 2402 et
800 2347 917 2401 arcus
944 2317 1076 2432 palati
1105 2317 1259 2404 antice.
1315 2321 1448 2406 Nares
1475 2316 1620 2405 medio
1647 2319 1760 2403 inter

10 2558 14 2573 ,
61 2474 211 2559 oculos
246 2492 290 2554 et
325 2470 556 2584 marginem
593 2468 744 2567 rostri,
782 2500 887 2584 poro
930 2478 1086 2584 majore
1128 2493 1276 2574 ovato,
1319 2472 1527 2558 anteriore
1569 2471 1758 2584 parvulo.

66 2626 195 2711 Oculi
219 2625 440 2723 laterales,
468 2621 535 2708 ori
561 2646 607 2709 et
638 2620 793 2706 vertici
820 2621 981 2727 vicini,
1012 2624 1270 2728 mediocres,
1300 2611 1640 2740 peiioplrtlrolraio
1671 2621 1759 2707 adi·

63 2808 175 2897 poso
205 2775 361 2876 cincti;
393 2777 518 2861 irides
544 2778 1079 2889 flavescente-argenteae,
1109 2786 1291 2892 pupillae
1315 2777 1549 2894 oblongae,
1577 2805 1663 2862 non
1691 2775 1763 2862 vet

62 2930 141 3017 vix
164 2931 234 3040 (in
261 2927 503 3041 Sibiricis),
535 2929 768 3042 angulatae.
824 2929 1033 3044 Operculo
1061 2930 1357 3017 branchiarum
1386 2930 1592 3032 maxima,
1620 2950 1763 3016 rotun·

63 3084 190 3186 data,
218 3080 423 3169 letissime
450 3080 639 3181 hiantia,
668 3078 854 3165 maxime
879 3084 937 3165 ad
965 3081 1167 3167 isthmum
1196 3083 1332 3197 gulae.
1372 3083 1616 3168 Membrone
1643 3083 1761 3167 bran·

65 3239 280 3349 driostega
309 3234 687 3322 decemlamellata
717 3238 848 3319 Pinna
876 3236 1053 3321 dorsalis
1075 3236 1198 3319 dorso
1222 3233 1435 3332 concolor,
1463 3232 1676 3316 radiorum
1697 3246 1757 3318 13.

67 3388 247 3503 adiposo
276 3417 447 3501 magna,
480 3388 690 3498 oblonga,
719 3418 881 3484 crassa,
907 3383 1207 3498 integerrima,
1246 3383 1333 3468 ima
1359 3382 1450 3491 basi
1479 3383 1759 3498 squamulosa.

64 3540 118 3626 P.
146 3547 364 3655 pectoralis
392 3539 548 3644 albida,
578 3541 767 3653 margine
795 3536 993 3624 crassiore
1018 3537 1293 3640 cinerescens,
1322 3535 1537 3621 radiorum
1561 3554 1607 3640 14
1621 3538 1673 3621 ad
1697 3550 1758 3622 16.

65 3699 273 3780 ventrules
298 3691 511 3793 minores,
539 3696 809 3796 rotundatas,
839 3695 928 3777 rad.
963 3727 1024 3775 rr.
1054 3691 1243 3793 albidas,
1272 3719 1395 3804 supra
1424 3689 1542 3775 fusco
1569 3688 1760 3804 pulvera·

22 3906 28 3913 -
61 3864 163 3944 tee3
189 3855 261 3926 uui
289 3842 454 3945 albida,
483 3842 694 3930 radiorum
728 3862 788 3948 14.
820 3845 971 3959 stipata
1000 3842 1257 3928 adminiculo
1285 3839 1474 3942 miuut03
1497 3842 1762 3956 appendices

60 4026 110 4115 p.
139 3995 397 4080 ventralibus
434 3997 671 4080 adsidentes
705 3996 959 4111 triquetrae,
997 3996 1167 4080 tertiam
1208 4016 1371 4111 partem
1413 3977 1582 4108 longit„
1602 3990 1760 4110 pinnae

64 4170 262 4261 aequant.
321 4151 469 4234 Coudo
496 4148 606 4252 lata,
644 4148 831 4251 bifurca,
871 4150 1011 4250 fusca,
1048 4148 1259 4233 radiorum
1290 4182 1356 4232 21.
1413 4150 1573 4260 Corpus
1603 4175 1760 4232 macro-

61 4298 320 4415 lepidotum,
348 4300 506 4415 longo·
523 4301 824 4403 lanceolatum,
855 4299 1195 4418 pinguissimum,
1227 4329 1428 4403 crassum,
1459 4326 1757 4413 compressum,

61 4454 196 4542 dorso
220 4475 452 4567 ventreque
479 4453 713 4566 aequaliter
740 4455 967 4552 convexis;
1000 4453 1137 4537 conda
1162 4481 1239 4566 pro
1267 4454 1359 4537 basi
1384 4452 1539 4568 pinnae
1569 4448 1639 4533 ani
1666 4451 1759 4533 sub·

60 4604 268 4697 matinata.
326 4611 451 4690 Linea
485 4612 669 4691 lateralis
705 4606 828 4688 dorso
866 4628 1096 4712 antrorsum
1131 4603 1327 4717 propior,
1371 4626 1509 4703 recta,
1551 4605 1603 4687 ad
1633 4622 1760 4715 caput

58 4756 284 4847 levissime
314 4761 583 4844 adscendens.
642 4761 767 4843 Color
793 4759 838 4842 in
867 4761 990 4843 dorso
1017 4755 1320 4842 coerulescenti
1347 4758 1509 4843 luscus.
1540 4751 1760 4840 abdomini

1266 4922 1315 4993 50
