4404 5902
264 363 325 470 88
694 457 701 467 .
1030 378 1178 433 -·'·=···

262 599 308 664 et
333 572 682 692 aequidistantes,
708 571 800 662 bavi
826 595 1003 675 teretes,
1030 573 1186 678 deinde
1215 573 1318 662 alati
1343 573 1507 661 fimbria
1533 603 1558 661 e
1586 576 1700 666 fibris
1726 583 1944 697 parallelis

259 727 451 816 connans
476 725 710 844 oornposita
737 728 866 836 (Tae.
883 726 968 838 fig.
997 728 1075 839 A.)
1111 723 1161 811 hi
1188 725 1412 830 reclinati,
1440 723 1550 812 ultra
1575 727 1681 815 labii
1707 733 1948 848 marginem

262 879 520 995 pertingunt.
576 879 638 965 Os
664 876 889 964 latitudine
916 876 1091 992 capitis,
1131 876 1400 962 transversim
1428 879 1635 983 lunatum,
1663 885 1945 998 peramplum,

263 1053 307 1115 at
334 1028 473 1116 miuus
499 1027 716 1132 exsertile,
770 1059 896 1144 quarn
926 1026 1135 1127 stationi,
1194 1030 1463 1130 edentulumr
1511 1031 1626 1116 labia
1652 1032 1945 1147 integerrima,

261 1209 480 1277 convexas
535 1188 718 1296 superius
744 1178 1008 1296 planiuscnle
1037 1178 1309 1282 fornicatum,
1366 1179 1461 1264 sinu
1489 1179 1553 1291 (in
1581 1211 1665 1295 qno
1691 1183 1816 1294 latet)
1845 1215 1944 1301 pro·

263 1331 392 1417 funde
421 1362 446 1418 a
471 1331 610 1447 capite
626 1330 910 1432 distinctum,
954 1327 1067 1414 intus
1095 1328 1169 1414 vix
1196 1359 1419 1442 rugosum3
1459 1334 1623 1435 inferior
1649 1333 1827 1419 maxilla
1854 1357 1945 1421 tan·

260 1501 354 1566 turn
381 1511 520 1567 versus
547 1483 720 1596 angulos
747 1480 831 1566 oris
872 1482 971 1564 laxo
1013 1478 1128 1564 corio
1169 1480 1350 1580 labiata3
1404 1501 1451 1564 ut
1478 1481 1621 1594 anguli
1648 1483 1833 1569 laxiores
1859 1485 1946 1572 sint

259 1660 339 1746 pro
379 1631 651 1746 deglutienda
687 1633 860 1747 praeda.
931 1633 1060 1727 Fossa
1104 1629 1186 1714 oris
1227 1653 1470 1748 apparatum
1508 1632 1716 1748 recipiens
1757 1633 1943 1721 anterius

232 1751 238 1757 v
260 1781 396 1870 limbo
422 1812 615 1886 carnoso,
645 1780 805 1867 lacunis
831 1778 1012 1865 mucosis
1040 1811 1202 1896 sparso,
1230 1787 1496 1889 subcrenato,
1525 1784 1668 1869 medio
1692 1786 1940 1892 deficiente,

259 1933 505 2047 marginata.
562 1934 678 2018 Basia
705 1933 995 2017 branchiarum
1022 1931 1243 2035 latissima,
1273 1964 1426 2039 crassa,
1456 1935 1584 2049 gibbo
1612 1934 1757 2020 inore
1787 1966 1943 2021 conve·

260 2113 317 2169 xo
345 2085 489 2200 palato
515 2085 787 2200 respondens.
814 2133 872 2148 -
897 2084 1030 2167 Nares
1058 2113 1180 2197 supra
1206 2083 1326 2169 basin
1355 2087 1500 2185 rostri,
1537 2085 1674 2170 minus
1703 2086 1872 2200 amplae
1900 2111 1947 2173 et

260 2256 447 2320 remotae
474 2264 602 2349 quam
626 2234 674 2318 in
701 2233 917 2336 Statinae,
960 2231 1193 2346 superiores
1221 2238 1478 2320 subrotundo
1492 2292 1510 2307 -
1525 2235 1791 2339 raniformes,
1835 2234 1945 2324 infe·

261 2382 392 2469 riores
417 2383 685 2469 transversim
713 2385 942 2497 oblongae,
967 2383 1154 2498 patulae,
1184 2382 1319 2470 limbo
1346 2417 1519 2473 carnoso
1548 2386 1730 2471 anterius
1757 2411 1946 2476 coarcta·

260 2559 358 2633 tae,·
411 2560 633 2620 commune
661 2534 824 2620 narium
853 2564 1002 2620 cavum
1026 2532 1138 2617 striis
1164 2534 1298 2621 rubris
1326 2539 1549 2622 stellatum.
1596 2587 1645 2604 -
1690 2538 1815 2624 Oeart
1848 2569 1948 2655 pro·

259 2687 456 2806 portione
485 2689 622 2773 multo
648 2685 849 2789 minores,
907 2716 1032 2801 quarn
1060 2685 1272 2790 Sturioni,
1314 2687 1425 2772 intra
1452 2687 1656 2773 circulum
1684 2688 1850 2774 orbitae
1880 2696 1950 2800 (nt

259 2841 308 2928 in
335 2840 434 2949 illo)
462 2866 681 2926 carnosum
708 2834 831 2922 liberi
841 2896 856 2935 ,
882 2835 1034 2920 vertici
1060 2858 1105 2920 et
1130 2835 1242 2920 inter
1268 2868 1312 2922 se
1338 2838 1581 2953 propiores,
1595 2871 1742 2924 cornea
1767 2864 1949 2958 propter

263 2989 512 3107 ampliorem
538 2983 800 3074 scleraticam
828 2988 1029 3101 equidem
1056 2985 1232 3092 minore,
1260 2991 1335 3074 sed
1355 2990 1700 3104 prominentiore,
1728 3019 1949 3079 convexo·

261 3140 414 3257 gibba3
460 3140 591 3226 rades
619 3135 861 3223 flavescenti
875 3187 889 3202 ·
903 3158 1153 3250 argenteae3
1208 3147 1367 3251 pupillo
1393 3142 1481 3223 iere
1510 3139 1770 3225 verticaliter
1798 3165 1948 3230 ovato·

260 3292 510 3378 lanceolata.
526 3341 577 3357 -
607 3291 704 3374 Pori
730 3290 926 3375 auditoris
954 3291 1008 3372 ab
1036 3286 1168 3372 oculis
1198 3288 1458 3386 remotiores,
1486 3287 1623 3373 minus
1649 3289 1783 3427 patuli
1815 3321 1949 3409 quant

260 3438 487 3542 Sturionis,
513 3468 687 3526 carnoso
714 3438 832 3524 corio
857 3437 904 3522 in
933 3438 1083 3523 rimam
1113 3438 1407 3539 conniventes,
1448 3469 1498 3547 ea
1525 3463 1667 3524 tamen
1697 3442 1946 3556 amplitudi-

261 3621 340 3696 ne,
368 3616 416 3677 ut
443 3592 651 3678 calamum
678 3587 944 3704 scriptorium
971 3587 1097 3672 facile
1126 3589 1363 3674 admittant.
1400 3641 1450 3655 -
1492 3592 1699 3705 Opercula
1727 3592 1945 3681 branchia·

258 3775 350 3831 rum
375 3739 532 3856 ubique
561 3738 677 3826 corio
705 3738 879 3843 vestita,
937 3737 1149 3853 superiore
1190 3763 1309 3855 parte
1328 3741 1450 3829 ,striis
1478 3739 1704 3856 granulatis
1732 3745 1784 3826 ad
1815 3772 1942 3861 angu-

259 3895 348 3980 lum
374 3889 725 4004 convergentibus
752 3890 932 3992 lineata,
972 3886 1148 3974 inferius
1191 3901 1307 3975 corio
1329 3892 1447 3997 laxo,
1487 3892 1693 4008 profunde
1723 3892 1871 3981 exciso
1898 3919 1944 3983 et

257 4042 416 4133 isthmo
444 4041 567 4156 gulae
596 4038 914 4155 circumposito,
968 4042 1081 4126 inter
1116 4071 1159 4126 se
1201 4045 1455 4148 coadunata,
1512 4044 1627 4157 quod
1664 4040 1778 4128 intus
1807 4047 1942 4135 tribus

257 4195 404 4313 plicis,
460 4194 515 4277 ad
540 4187 817 4295 isthmumet
843 4192 1038 4308 utrinque
1074 4195 1129 4277 ad
1157 4191 1342 4277 extimae
1371 4189 1599 4278 branchiae
1626 4191 1746 4279 basin
1776 4196 1942 4284 deriva-

255 4344 336 4444 tis,
376 4346 612 4430 fraenatam
641 4361 717 4439 est,
783 4340 933 4428 Hiatus
975 4341 1233 4429 branchialis
1272 4345 1407 4429 limbo
1445 4373 1617 4428 carnoso
1645 4348 1945 4457 operculornm

259 4497 335 4583 rix
360 4499 471 4583 bena
513 4493 691 4578 clausus.
763 4495 1011 4580 Membrana
1051 4493 1393 4610 branchiostega,
1447 4516 1495 4578 nt
1535 4493 1581 4578 in
1618 4497 1942 4608 congeneribua,

258 4646 388 4733 nulla.
415 4693 474 4713 --
512 4646 742 4731 armatae
772 4646 948 4729 omuino
975 4675 1149 4730 nurnero
1176 4666 1220 4730 ct
1245 4643 1552 4762 compositione
1580 4665 1628 4727 ut
1654 4643 1700 4727 in
1728 4645 1943 4757 Sturione,

258 4803 333 4885 sed
357 4804 551 4890 amenas
574 4793 786 4914 planiores
813 4815 857 4879 et
881 4825 959 4911 per
985 4795 1205 4886 fasciculos
1232 4795 1436 4904 binarios,
1475 4794 1677 4882 ternarios
1703 4820 1749 4882 et
1776 4823 1945 4911 quater.
