4404 5902
127 539 365 629 inclusarum
389 530 678 639 consistentia,
705 554 755 621 ut
781 531 1011 621 mirumsit
1033 533 1140 619 adeo
1167 551 1361 620 tenerum
1390 555 1435 632 et
1458 533 1561 629 satir
1588 566 1789 655 magnum

120 695 238 808 (saepe
262 690 428 802 ulnare)
455 718 608 805 corpus
634 687 683 774 in
710 688 818 772 adeo
845 708 1130 801 tempestuoso
1157 685 1248 771 salo
1276 685 1471 787 resistere
1499 717 1635 805 posse.
1679 690 1787 804 Ni.-

122 843 190 930 resi
211 841 366 957 aliquid
395 839 562 925 videtur
595 838 648 925 in
693 869 738 925 se
779 837 958 942 habere,
1015 868 1114 922 nam
1153 868 1240 924 noa
1270 839 1415 931 solum
1443 838 1640 952 homines
1669 839 1786 957 huus·

119 992 250 1111 piscem
275 1013 501 1096 nauseant,
550 992 629 1077 red
654 990 739 1108 ipsi
765 988 947 1076 familiai
975 985 1395 1096 Camtschadalorum
1419 1022 1573 1110 canes,
1623 992 1785 1110 ortibus
1864 979 1887 1065 ἶ

111 1144 305 1231 teterrima
331 1172 523 1258 quaeque
550 1143 597 1229 in
623 1142 770 1229 cibum
795 1145 967 1253 cedunt,
996 1143 1210 1255 objectam
1226 1139 1338 1231 hanc
1364 1146 1498 1244 offam
1522 1168 1783 1249 aversantur.

114 1299 217 1381 {lunc
242 1293 405 1410 piscem
431 1292 562 1379 etiem
589 1292 637 1378 in
677 1293 784 1379 mari
825 1295 925 1378 albe
963 1294 1210 1380 croceam
1237 1265 1367 1384 boreo
1397 1295 1613 1388 interdum
1639 1297 1782 1389 obser·

107 1445 190 1532 sari
212 1478 237 1534 a
260 1447 343 1532 fide
375 1443 518 1562 dignis
545 1442 792 1535 hominihus
820 1444 981 1565 accepi·

229 1653 234 1661 ’
351 1721 433 1826 75.
499 1713 1121 1836 cactoprnnus
1176 1714 1513 1840 cattyoaon.

227 1905 277 1994 C.
304 1905 513 2032 oblongus
539 1933 821 2030 compresum,
871 1901 1017 2023 eapite
1045 1903 1242 2018 depresso
1257 1904 1500 2020 ,majsrsculo
1500 1958 1528 2023 ..1
1580 1901 1779 1997 dentibus

81 2053 212 2174 apice
237 2056 420 2145 trilobis.

196 2206 535 2296 Camtschadalis
559 2211 732 2296 Cannis.
786 2208 955 2297 Aleusis
987 2209 1278 2324 Tcmdagclak·
1366 2206 1368 2211 ’

223 2361 295 2446 Ad
323 2360 645 2448 Camtschatcae
672 2359 832 2477 pariter
858 2385 902 2447 et
940 2363 1170 2451 insularum
1212 2362 1357 2449 littora
1372 2360 1624 2478 ,frequenter
1646 2395 1676 2451 a
1701 2361 1777 2452 flu·

70 2508 223 2603 dibus
249 2510 430 2625 ejicitur.
488 2508 736 2629 specimina
763 2515 903 2599 debeo
930 2517 985 2599 D.
1016 2517 1071 2598 D.
1099 2517 1252 2602 Merit.

222 2666 396 2752 Descr.
449 2641 702 2751 Dodrantali
744 2661 906 2771 minor,
963 2664 1146 2782 gracilis,
1203 2670 1356 2784 Caput
1380 2696 1558 2786 corpore
1583 2665 1775 2778 crassius,

71 2814 482 2933 depressiusculum,
525 2839 660 2902 rostro
688 2816 812 2902 valde
842 2819 1057 2935 depresso,
1099 2822 1352 2921 rotundat03
1393 2829 1572 2910 maxilla
1598 2821 1775 2911 inkrior
1901 2790 1905 2796 Δ

72 2967 128 3056 in
156 2967 417 3085 superiorem
441 2968 636 3057 incidens
663 2991 839 3084 utraque
866 2971 1053 3085 margine
1083 2971 1394 3061 scaberrimaet
1408 2974 1519 3061 intra
1536 2972 1774 3090 marginem

70 3119 190 3207 serie
218 3121 520 3209 demiculeruns
540 3120 834 3225 minimorum,
889 3122 982 3209 basi
1014 3123 1401 3238 cylindreceorum‚
1459 3124 1581 3241 apice
1611 3125 1772 3212 trilobo

72 3273 431 3379 terminatorum,
485 3275 630 3391 quales
673 3277 720 3363 in
760 3279 880 3362 nullo
918 3274 1035 3391 pisce
1076 3275 1313 3361 observavi.
1385 3276 1619 3364 Oculorum
1647 3277 1773 3364 trtdea

72 3447 256 3541 angtato
282 3424 443 3513 circulo
470 3426 673 3546 pupillari
699 3430 829 3515 fulvo.
898 3431 941 3512 A
981 3425 1156 3511 maxilla
1197 3425 1410 3542 superiore
1448 3424 1645 3542 utrinque
1671 3457 1771 3544 pro·

71 3608 221 3668 cessus
246 3579 323 3665 sub
351 3601 449 3665 cute
475 3581 615 3668 tenuis
641 3611 803 3687 osseus,
859 3576 981 3696 quasi
1008 3606 1203 3694 zygoma,
1254 3608 1332 3693 per
1360 3579 1525 3666 discum
1550 3580 1772 3696 operculo·

72 3761 190 3819 rum.
244 3731 454 3846 opercula
481 3732 630 3820 mollia
657 3735 898 3838 rotundato,
942 3762 1024 3816 una
1049 3762 1148 3817 cum
1178 3733 1421 3818 numerans
1449 3733 1772 3848 branchiostegis

68 3881 330 3970 sexraaiatia
359 3885 549 4004 undique
588 3886 705 4003 pelle
744 3886 912 3990 adnata,
967 3882 1120 3968 relicto
1160 3905 1326 3968 tantum
1342 3881 1578 3999 spiraculo
1621 3883 1769 3970 lunato

70 4032 278 4150 utrinque
306 4039 360 4123 ad
389 4039 574 4126 dorsum.
642 4040 802 4154 Corpus
840 4036 1125 4153 alepidotum,
1183 4036 1279 4120 alvo
1318 4024 1639 4119 teretiusculum
1664 4033 1768 4120 inde

68 4215 388 4302 compressum,
443 4193 579 4278 cruda
615 4189 943 4306 cathetoplatea.
1028 4191 1147 4273 Cutis
1186 4185 1347 4302 ubique
1389 4187 1765 4302 fusco-punctam,

69 4336 238 4430 mollis.
294 4347 422 4432 Color
447 4341 496 4429 in
523 4345 648 4430 dorso
675 4345 909 4428 latescente
937 4343 1075 4426 fuscus
1086 4399 1100 4440 ,
1141 4341 1285 4424 subtus
1312 4330 1573 4439 fulvescens;
1618 4345 1767 4426 liturae
1915 4403 1918 4410 ,

69 4497 330 4583 rotundatas
369 4499 511 4584 fmcae
550 4498 781 4584 secundum
819 4494 978 4580 lineam
1017 4492 1250 4578 lateralem.
1323 4491 1464 4604 Striga
1505 4512 1701 4604 argentea
1740 4521 1766 4578 a
1927 4569 1932 4580 .

68 4644 253 4733 maxilla
280 4648 495 4765 superiore
513 4651 611 4766 'per
647 4646 817 4736 oculum
856 4669 903 4732 et
943 4643 1155 4763 opercula.
1220 4644 1374 4728 Pinnae
1400 4644 1648 4756 {pectorales
1676 4642 1764 4730 fere

71 4797 136 4880 ad
159 4801 347 4915 jugulum
373 4798 552 4918 positae,
579 4799 880 4922 longiusculae,
907 4797 1036 4886 radiis
1062 4792 1274 4909 mollibus,
1302 4792 1573 4883 tenuissimis.
1612 4797 1766 4885 enula
