4404 5902
848 272 1000 321 ²²¹-
1674 251 1765 354 579

73 460 321 588 ris‘argenti
349 470 481 555 instar
505 469 640 567 nitet3
680 467 726 553 in
754 468 981 584 majoribus
1009 499 1109 556 ravo
1139 470 1383 571 affuscatus,
1425 473 1545 588 quasi
1572 474 1765 580 fumatus,

73 626 118 713 in
148 622 345 711 maximis
373 623 615 725 olivaceus,
660 620 835 706 maculis
862 623 1057 736 oblongis
1083 623 1128 707 in
1168 627 1292 708 dorso
1328 627 1590 742 variegatus,
1635 627 1765 711 etiam

72 778 296 875 foeminis3
326 775 458 859 latera
488 775 619 888 magis
647 799 860 889 argentea,
890 798 1039 860 ventor
1068 779 1199 863 albus.
1256 781 1492 892 longitudo
1520 778 1763 896 speciminis

59 942 146 1046 fig.
178 967 217 1036 g.
247 925 453 1014 delineati
489 928 530 1014 r'.
563 928 619 1018 5''.
650 932 716 1015 o'''.
748 929 899 1042 capitis
929 934 989 1014 3''.
1018 930 1084 1015 8'''.
1126 931 1250 1017 rostri
1279 935 1332 1017 ad
1360 931 1505 1018 oculos
1538 936 1592 1019 1⁰.
1622 928 1688 1021 5⁰¹.
1718 930 1766 1016 iu

69 1083 159 1171 alio
187 1086 255 1200 fig.
284 1098 323 1170 3.
352 1079 505 1195 longit.
536 1075 582 1166 α’.
619 1080 669 1166 ι”.
700 1079 766 1170 3'‘'.
795 1079 945 1196 capitis
973 1088 1030 1190 ιβ’.
1060 1080 1125 1190 9''‘.

122 1426 160 1477 ·’
235 1439 349 1531 263.
389 1436 669 1527 SALllO
707 1439 1192 1553 sanguinolentus.
1233 1441 1364 1532 TAB.
1403 1438 1599 1533 LXXX.

79 1790 82 1795 Δ
215 1697 255 1777 8.
283 1720 461 1808 corpore
490 1712 709 1806 argentato
737 1713 955 1801 punctam,
985 1714 1118 1777 rostro
1147 1690 1417 1779 trochifotmi
1444 1692 1617 1787 maxilla
1641 1723 1764 1806 supe·

66 1842 183 1931 riore
213 1845 427 1958 longiore,
470 1843 599 1957 pinna
629 1844 812 1948 dorsali,
842 1843 1016 1955 adiposa
1046 1867 1088 1929 et
1116 1849 1274 1932 caudae
1303 1847 1486 1932 furcatae
1514 1845 1672 1931 lacinia
1700 1875 1764 1930 su·

66 1986 239 2115 periore
269 1995 515 2100 maculosis,
548 1996 618 2081 ani
653 2018 700 2101 rt,
726 1996 901 2080 radiata.

182 2149 325 2236 Rossis
351 2150 399 2235 in
426 2148 723 2235 Camtschatca
752 2154 911 2267 Bjelaja
939 2149 1065 2260 Ryba
1094 2151 1232 2262 (albus
1262 2149 1427 2266 piscis).

181 2301 516 2389 Camtschadalis
543 2295 792 2418 Quisrttsck,
823 2303 893 2386 vel
918 2290 1241 2414 Kydshutyicl.

67 2544 71 2549 ,
179 2454 347 2541 Aleutis
372 2440 620 2541 Kactidot?

121 2607 168 2703 β.
182 2609 225 2690 V
228 2617 422 2693 arietat
448 2605 786 2693 Camtschadalis
818 2611 1129 2694 Uaktsctttsctst

209 2759 370 2845 Piscem
402 2759 541 2859 hunc,
594 2768 709 2870 eujus
748 2760 981 2876 specimina
1020 2759 1273 2872 imperfecta
1312 2760 1506 2862 obtinui,
1547 2764 1683 2849 efide
1712 2786 1759 2850 et

62 2912 343 3003 adnotatione
371 2916 586 3000 Stellati
614 2943 831 3028 propono:
861 2943 995 3026 eoque
1023 2918 1232 2999 referente
1261 2937 1326 3001 est
1353 2913 1460 3002 haec
1490 2917 1640 3003 ultima
1668 2942 1759 3033 spe·

59 3066 157 3155 cies
193 3066 438 3151 Salmonum
480 3065 554 3180 qui
602 3065 808 3180 gregatim
850 3067 896 3151 in
931 3064 1254 3152 Camtschatcae
1296 3068 1445 3153 fluvios
1484 3068 1757 3168 adscendunt,

58 3222 171 3311 dum
214 3216 287 3302 vix
330 3240 427 3303 ante
468 3218 658 3303 medium
687 3218 864 3330 Augusti
905 3221 1119 3303 adventet.
1178 3224 1213 3301 E
1255 3217 1361 3302 mari
1400 3220 1601 3334 prodiens
1642 3238 1757 3299 totus

55 3374 274 3463 candidus
303 3392 367 3454 est
396 3402 444 3456 ac
473 3370 718 3486 politissimi
749 3367 910 3482 argenti
945 3369 1076 3454 instar
1114 3369 1253 3472 nitet,
1294 3371 1406 3455 unde
1436 3371 1657 3481 Rossicutn
1684 3399 1757 3455 no·

52 3556 169 3617 men
202 3547 371 3628 nactus,
415 3528 529 3639 quod
565 3524 691 3638 plane
730 3522 861 3606 alium
893 3521 1054 3637 piscem
1090 3525 1143 3607 ad
1173 3523 1352 3635 Volgum
1391 3525 1578 3611 denotat.
1634 3530 1756 3609 Tunc

51 3678 198 3771 etiam
230 3700 405 3763 rostrum
435 3676 574 3763 adhuc
605 3698 764 3761 rectum
778 3737 792 3777 ,
822 3706 899 3760 nec
929 3678 1201 3789 productum,
1238 3672 1520 3789 quod'versus
1547 3677 1756 3764 Octobrin

47 3834 144 3925 sub
186 3832 238 3915 ad
279 3861 435 3915 uncum
474 3830 703 3943 elongatus.
760 3834 889 3937 Amat
926 3828 1152 3945 praecipue
1193 3827 1371 3927 fluvios,
1413 3828 1489 3942 qui
1523 3860 1547 3914 e
1583 3831 1756 3914 lacubus

44 4004 291 4081 emanant;
321 3981 424 4067 hinc
452 3985 494 4066 fl.
517 3979 737 4093 Bolschaja
766 3981 940 4093 quidem
968 3981 1140 4084 intrant,
1169 3985 1245 4068 sed
1273 3981 1374 4066 inde
1402 3983 1543 4066 statim
1571 3982 1618 4065 in
1633 3983 1756 4067 Oser-

44 4141 164 4248 naja
192 4137 234 4221 fl.
272 4134 512 4237 divertunt,
557 4133 625 4217 vel
660 4132 748 4218 cito
788 4164 927 4217 versus
968 4094 1105 4220 lacirm
1142 4137 1320 4220 tendunt
1359 4164 1384 4219 e
1422 4164 1506 4248 quo
1533 4130 1757 4243 Bolschaja

41 4296 167 4385 fluv.
195 4286 364 4404 prodit,
411 4285 714 4400 adeoquevix
752 4317 834 4370 una
863 4289 1045 4372 alterave
1071 4286 1305 4406 septimana
1331 4285 1378 4371 in
1404 4287 1499 4403 ipso
1525 4284 1656 4370 fluvio
1682 4288 1757 4369 ob·

38 4463 310 4545 servantur,
351 4440 398 4527 in
434 4440 608 4525 lacubus
644 4461 783 4523 autem
811 4469 940 4553 usque
969 4441 1021 4524 ad
1047 4439 1310 4535 Januarium,
1355 4439 1459 4524 licet
1484 4461 1586 4523 tunc
1614 4439 1756 4520 admo·

10 4702 15 4717 ‚
42 4602 171 4691 dum
199 4593 410 4679 emaciati.
454 4600 629 4692 Latera,
656 4623 765 4707 quae
792 4591 969 4678 Octobri
997 4595 1102 4676 fiunt
1129 4589 1376 4704 sanguinea,
1404 4611 1506 4674 tunc
1532 4610 1628 4673 sunt
1654 4588 1755 4672 late·

41 4742 161 4843 titii
190 4745 342 4833 coloris
354 4808 368 4849 ,
409 4748 577 4832 dorsum
606 4746 991 4863 gryseo·lnscum,
1021 4766 1166 4829 venter
1193 4743 1326 4831 albus.
1381 4744 1491 4829 Caro
1517 4739 1620 4827 huic
1646 4740 1757 4856 pisci

1320 4905 1339 4946 Β
