4404 5902
1068 344 1216 410 ΕΞ
1887 343 1974 446 sou

283 556 463 651 ellyptica
481 532 646 652 'angusta
679 558 722 630 ad
755 529 893 630 orbitae
920 564 1124 650 'marginem
1155 566 1373 633 anteriorem
1399 560 1597 634 ascendens
1628 562 1777 635 inici-ius
1801 567 1978 642 lamellae

283 685 433 749 scrattiae
462 674 680 752 tenerrimae¹
717 680 916 771 angustiori
955 684 1109 752 orbitam
1148 668 1355 752 inferiorem
1391 683 1566 754 formanti-
1599 689 1797 775 imposita,
1839 690 1974 759 lamina

282 821 388 869 ossea
413 803 615 893 subjacens,
642 800 855 892 operculum
880 803 1036 870 medium
1061 804 1232 891 formans,
1259 805 1385 872 subtus
1412 805 1509 894 plica
1533 803 1668 873 itshmo
1691 807 1809 896 juguli
1824 810 1973 900 adnata,

280 941 393 992 cuae
417 926 553 1013 tegitur
578 922 807 992 suborbitali.
870 910 1007 992 Latrim
1030 925 1188 1014 posterior
1212 897 1370 991 maxima
1394 923 1570 992 latissima
1594 946 1698 993 ossea
1723 927 1885 997 conchae
1911 930 1974 999 ad·

278 1046 396 1110 instar
421 1041 597 1109 fornicata
612 1089 640 1145 ,Ι
662 1045 821 1108 anterius
860 1062 943 1109 cum
983 1045 1122 1137 orbitae
1161 1049 1320 1132 margine
1361 1047 1556 1133 posteriori
1593 1049 1726 1136 juncta.
1782 1043 1975 1119 Membrana

278 1154 522 1247 irarrcbiostcga
564 1162 753 1229 triradiata
795 1162 892 1234 inter
936 1164 1098 1253 operculi
1148 1163 1320 1231 laminam
1339 1188 1345 1213 -·
1364 1166 1583 1230 anteriorem
1631 1165 1761 1234 subtus
1803 1173 1975 1259 utrinque

278 1288 573 1373 approximatam
599 1286 850 1352 coarctata‘et
873 1287 910 1350 in
937 1284 1069 1354 isthmo
1095 1284 1202 1373 gulae
1225 1289 1428 1372 conjuncta.
1455 1276 1582 1370 Corpus
1595 1284 1794 1374 oblongum
1811 1297 1975 1361 erectum

277 1400 624 1491 microlepidotum‚
671 1407 828 1511 squamis
867 1404 1032 1471 laevibus
1071 1403 1305 1471 subtilissime
1344 1400 1680 1471 radiato-atriatic-
1707 1405 1887 1498 oblongis.
1914 1408 1973 1508 (v.

276 1524 369 1592 Tab.
398 1529 475 1592 XV.
501 1526 574 1611 lig.
602 1520 636 1590 5.
667 1545 698 1591 a.
715 1520 782 1606 i),
811 1525 857 1590 ad
882 1532 993 1613 caput
1019 1524 1218 1591 minoribus
1245 1544 1369 1591 versus
1395 1543 1503 1590 anum
1529 1531 1569 1594 et
1595 1525 1750 1594 caudam
1773 1531 1971 1611 majoribus

276 1642 510 1711 imbricatum
548 1640 824 1710 crassiusculum
866 1643 1000 1712 leviter
1036 1664 1311 1732 compressum,
1353 1644 1712 1732 ventre-dorsoque
1750 1666 1971 1725 convexum.

277 1758 383 1835 lisca
410 1762 554 1831 intratis
578 1769 677 1830 recta
703 1782 829 1829 versus
866 1764 1024 1829 medium
1058 1767 1222 1852 corporis
1261 1762 1449 1851 paululum
1482 1763 1703 1832 descendens
1736 1787 1800 1855 per
1828 1773 1972 1843 seriem

274 1904 508 1975 squamarum
536 1880 639 1969 (Tab.
669 1888 742 1952 XV.
771 1886 840 1969 lig.
873 1880 908 1952 5.
936 1907 965 1950 c.
991 1885 1042 1971 d.)
1068 1888 1210 1972 postiae
1241 1886 1433 1950 incisarum
1460 1904 1786 1972 expresseramus
1811 1888 1967 1956 caudam

272 2009 387 2093 magis
415 2006 621 2094 conspicua.
675 1998 773 2072 Color
799 2007 833 2068 in
861 2003 970 2070 dorso
994 2002 1267 2072 atrocoeruleus
1294 2002 1444 2096 nitidus,
1472 2023 1597 2071 versus
1622 2004 1740 2074 latera
1766 2007 1966 2095 suburgen-

271 2137 382 2209 teus,
410 2124 536 2190 subtus
561 2123 698 2191 albens.
749 2116 870 2190 Pinnae
890 2127 1066 2212 pectorales
1093 2124 1372 2214 quatuordecim
1398 2124 1590 2215 radiatae,
1628 2125 1721 2191 radii
1746 2128 1856 2195 medii
1883 2128 1964 2196 lon·

272 2247 435 2336 pssimi,
476 2246 635 2311 vestrates
660 2243 949 2312 decrmradiatae
975 2245 1078 2310 radio
1104 2249 1222 2334 primo
1247 2264 1353 2310 osseo
1380 2249 1618 2330 scunnnato,
1659 2247 1792 2315 dorsalis
1816 2248 1964 2318 decem·

272 2368 412 2435 radiata
439 2372 477 2432 et
502 2362 862 2447 duodecimradiata,
890 2364 995 2431 radio
1020 2369 1137 2454 primo
1162 2386 1245 2432 cum
1271 2364 1493 2431 adminiculo
1518 2364 1691 2449 rediculi,
1722 2365 1853 2436 ultimo
1879 2368 1965 2437 bre·

270 2493 421 2555 sissimo
449 2486 494 2550 ad
517 2484 618 2549 basin
645 2505 758 2571 usque
785 2484 895 2570 lisso,
938 2487 1103 2552 omnibus
1143 2485 1189 2551 ad
1226 2489 1347 2575 apices
1387 2484 1624 2580 quadrifidis,
1662 2485 1816 2554 dorsalis
1853 2493 1963 2582 pinna

269 2606 496 2676 ventralibus
521 2609 718 2690 opposita,
743 2607 846 2674 naulis
874 2628 908 2693 p.
935 2607 1217 2694 septemradiata
1230 2648 1243 2687 ,
1276 2604 1379 2673 radio
1406 2609 1524 2694 primo
1552 2605 1709 2697 simplici
1733 2626 1817 2674 cum
1842 2607 1959 2673 admi·

268 2728 393 2796 niculo
432 2725 606 2805 radicati,
655 2725 804 2822 reliquis
844 2727 1083 2814 quadrifidis,
1128 2728 1241 2793 tertio
1281 2724 1492 2812 longissimo
1533 2731 1690 2815 septimo
1729 2723 1959 2794 brevissimo.

268 2846 428 2920 Condatis
454 2847 549 2936 pinna
580 2843 717 2911 bifurca
756 2846 885 2913 lacinia
927 2846 1075 2915 inferior
1111 2825 1222 2935 paulo¹
1258 2848 1374 2935 major
1413 2843 1751 2933 andecimradiata,
1791 2851 1961 2937 superior

267 2966 561 3044 novemradiata‚
590 2972 668 3031 tota
693 2970 803 3053 pinna
828 2969 956 3052 viginti
982 2966 1093 3032 radiis
1119 2965 1265 3032 suffulta
1290 2969 1468 3034 extremis
1493 2962 1707 3034 lateralibus
1731 2989 1816 3037 cum
1841 2968 1958 3034 admi·

268 3090 394 3155 niculo
421 3087 568 3152 radicali
595 3090 768 3153 connatis.
809 3084 914 3151 Radii
941 3089 1131 3173 pinnarum
1156 3085 1202 3151 ad
1227 3089 1484 3153 extremitates
1513 3085 1709 3175 quadrifidi
1733 3093 1773 3155 et
1797 3091 1957 3155 extremi

267 3210 316 3278 ad
344 3208 485 3275 radices
509 3206 684 3295 duplicati
709 3205 846 3297 velex
873 3206 964 3271 binis
990 3208 1127 3271 truncis
1153 3210 1326 3289 connati,
1353 3224 1460 3291 quam
1487 3203 1535 3271 ob
1560 3224 1637 3272 rem
1662 3208 1800 3296 primus
1830 3204 1957 3273 dorsa·

265 3329 312 3396 lis
336 3326 648 3417 longitudinaliter
673 3327 718 3392 ad
743 3327 845 3390 basin
871 3323 1030 3390 sulcatus
1058 3331 1142 3408 est,
1195 3323 1293 3411 quod
1318 3323 1428 3391 etiam
1455 3325 1491 3387 in
1520 3308 1638 3411 primo
1663 3322 1777 3390 anelis
1803 3330 1842 3392 et
1867 3328 1954 3392 causs

268 3449 413 3517 dalibus
439 3452 609 3516 extremis
636 3447 711 3514 fere
740 3444 928 3511 extribus
955 3448 1166 3529 compositis
1191 3421 1377 3510 cernitur.=
1415 3447 1455 3508 In
1488 3441 1624 3509 dorsali
1658 3448 1697 3510 et
1722 3443 1818 3509 anali
1843 3447 1954 3534 pinna

265 3570 360 3638 radii
392 3566 498 3632 valde
529 3565 690 3650 distant,
731 3563 937 3653 pectorales
970 3563 1154 3632 ventrales
1183 3570 1222 3631 et
1255 3561 1369 3629 anelis
1400 3566 1544 3659 pinnae·
1563 3569 1702 3631 aureo·
1717 3563 1954 3635 rubescentes¹

264 3688 378 3760 etad
408 3688 506 3753 basin
532 3689 809 3772 prominentes,
852 3684 1059 3771 pectorales
1086 3682 1178 3751 adeo
1202 3683 1426 3766 tuberosae,
1474 3681 1693 3753 ventralium
1719 3680 1859 3753 radices
1884 3709 1953 3775 per

263 3808 555 3879 membrancsam
578 3805 747 3872 laminam
773 3802 1030 3892 triangularem
1057 3811 1282 3891 squamatam
1306 3776 1679 3892 abramitensium
1703 3803 1841 3873 caudae
1866 3794 1950 3895 proi

265 3933 361 4023 pior.
412 3933 552 3995 laterna
577 3946 649 3991 noa
673 3923 876 4013 exploravi.
929 3920 1205 3991 characteribus
1243 3931 1427 3992 caeterum
1463 3902 1605 4011 generis
1641 3925 1847 4010 cyprinacei
1882 3945 1949 3995 ore

264 4053 436 4118 nimirum
458 4046 658 4132 edentulo,
696 4044 866 4110 dentibus
903 4050 988 4131 post
1018 4041 1312 4129 branchialibus,
1350 4044 1555 4112 membrana
1578 4039 1854 4131 brancbiostega
1881 4048 1949 4123 tria¹

268 4170 408 4236 radiata
435 4172 602 4256 utrinque
628 4170 827 4233 instructus
851 4170 919 4230 est.
946 4167 979 4228 A
1003 4164 1243 4233 celeberrimo
1268 4161 1382 4236 Marci
1408 4165 1514 4255 plura
1538 4164 1734 4254 specimina
1759 4167 1947 4235 exsiccata

271 4306 317 4357 ex
339 4292 517 4378 Oovpnae
547 4287 660 4354 iluvio
694 4285 808 4354 allata
842 4289 952 4368 sunt,
991 4303 1085 4373 quae
1123 4291 1264 4356 nomine
1295 4281 1595 4355 Tachukutscban
1625 4272 1815 4371 'designata
1846 4292 1942 4356 sunt.

273 4406 463 4478 annotavit
487 4405 594 4472 simul
621 4407 747 4488 idem,
790 4407 960 4491 „piscem
997 4409 1032 4469 in
1059 4409 1153 4472 Lena
1177 4414 1215 4474 et
1241 4406 1419 4492 Indigirca
1444 4408 1593 4495 ejusque
1617 4400 1823 4483 collaterali
1847 4401 1947 4493 lapi·'

273 4523 362 4597 doro
386 4524 505 4613 Dogdo
531 4526 653 4592 fluviis
678 4508 865 4614 copiosum
893 4544 971 4591 esse
998 4524 1062 4591 sed
1087 4530 1239 4613 propter
1263 4527 1419 4592 nationis
1446 4520 1681 4589 velocitatem
1707 4527 1818 4612 captu
1848 4520 1942 4590 dim.-

261 4640 376 4729 ffilem
400 4664 470 4714 asse
496 4652 535 4714 et
559 4666 632 4712 non
659 4649 727 4711 nisi
752 4648 789 4710 in
814 4646 935 4710 coecis
959 4642 1146 4711 fluminum
1172 4648 1280 4710 ramis
1304 4642 1414 4709 hamo
1436 4645 1545 4730 capi,
1576 4644 1752 4728 gregatim
1776 4649 1816 4711 et
1839 4643 1940 4733 velo·

245 4767 410 4867 ,haime
431 4772 583 4857 natare,
610 4764 878 4859 sapidissimum
902 4770 1114 4855 caeterum,
1142 4772 1303 4857 exceptu
1327 4782 1440 4855 rere,
1465 4782 1550 4834 cura
1574 4780 1645 4835 osa
1670 4770 1845 4857 spargunt
1853 4784 1939 4855 ,uec
