4404 5902
612 628 699 735 47·
771 547 1097 709 vrp‘nna
1167 616 1366 763 aalys.

278 894 337 974 V.
353 887 508 971 annulo
536 886 703 973 nuchae
733 891 938 1002 dorsoque
968 888 1113 993 luscis,
1139 886 1284 1004 :strigis
1308 889 1555 979 transversis
1589 887 1840 1008 interruptis

126 1038 320 1144 albidis,
363 1038 595 1153 ocellisque¹
632 1040 874 1125 lateralibus
901 1039 1088 1155 pallidis.
1167 1152 1170 1157 g

252 1189 468 1304 Mongolis
495 1195 642 1306 Mogoi
669 1202 733 1308 (ut
761 1195 987 1307 Serpentes
1013 1191 1059 1276 in
1083 1197 1275 1307 genere).

244 1343 454 1455 Tangutis
480 1346 592 1430 Aba

205 1517 227 1541 ²
279 1494 456 1592 Habitat
484 1498 679 1613 frequens
702 1497 751 1583 in
778 1497 991 1583 montibus
1020 1498 1205 1605 saxosis,
1235 1501 1407 1616 apricis,
1451 1500 1579 1589 aridis
1607 1507 1837 1606 Davuriae‚

130 1650 217 1739 ubi
245 1650 333 1732 fere
361 1648 501 1733 nullus
528 1649 633 1734 alius
662 1626 855 1765 serpens,
913 1670 958 1734 et
995 1648 1042 1733 in
1082 1651 1323 1765 regionibus
1347 1657 1405 1739 ad
1434 1652 1695 1769 superiorem
1720 1655 1836 1740 leni·

132 1833 279 1903 seam,
333 1799 502 1916 rupium
537 1800 624 1887 soli
661 1800 950 1914 oppositarum
990 1803 1144 1885 fissuris
1172 1803 1445 1905 delitescens,
1502 1834 1643 1890 morsu
1672 1803 1835 1891 aestivo
1907 1820 1911 1835 '

128 1954 423 2072 periculosus)
464 1950 708 2067 praesertim
738 1951 785 2035 in
813 1951 1138 2040 australioribus:
1195 1957 1266 2040 Ad
1293 1962 1450 2042 Lacum
1476 1956 1656 2055 salsum,
1700 1984 1834 2070 prope

131 2104 353 2220 Lugaslrai
387 2103 603 2190 officinam
645 2107 699 2189 ad
730 2102 961 2209 Jeniseam‚
1019 2129 1063 2189 et
1090 2103 1137 2188 in
1165 2136 1237 2191 ora
1266 2108 1381 2193 lacus
1407 2107 1614 2225 plurimae
1641 2127 1832 2192 mortuae
1967 2186 1970 2191 .

131 2255 482 2343 inveniebantur.
550 2261 604 2363 Α,
620 2256 780 2372 Vipera
821 2254 949 2341 morsi
978 2257 1159 2370 gentiles
1182 2257 1330 2344 statim
1353 2289 1508 2374 aquam
1536 2255 1831 2374 ingrediuntur

126 2432 180 2494 et
212 2409 360 2492 vulnus
388 2407 577 2493 fricando
601 2407 851 2522 sanguinem
874 2406 1070 2494 eliciunt.

281 2563 447 2646 Descr.
499 2562 639 2676 Caput
665 2562 793 2675 paulo
820 2568 973 2673 majus,
1003 2537 1131 2674 quarn
1155 2562 1204 2649 in
1229 2571 1357 2683 Baro,
1396 2589 1595 2671 ovatum,
1636 2560 1827 2682 compla-

129 2736 303 2816 natum,
345 2735 480 2798 rostro
506 2733 753 2826 tetragono·
770 2716 988 2828 depresso,
1040 2717 1212 2820 obtusa,
1254 2715 1429 2802 maxilla
1456 2716 1670 2833 superiore
1699 2718 1828 2833 paulo

122 2864 339 2979 longiore.
394 2866 497 2950 Tela
524 2893 699 2977 magna,
735 2864 948 2980 simplicia
977 2869 1030 2951 ad
1056 2890 1234 2952 rostrum
1262 2890 1307 2953 et
1333 2871 1532 2961 dentium,
1547 2867 1825 2954 acicularium

131 3018 323 3133 simplex
346 3013 477 3101 series
504 3015 550 3099 in
580 3015 754 3101 maxilla
777 3039 826 3101 et
853 3018 1008 3132 palato.
1052 3022 1236 3132 Linguae
1250 3021 1430 3105 laciniae
1447 3043 1643 3105 extremo
1670 3018 1828 3106 tenuis·

126 3170 241 3255 sime
268 3191 478 3270 setaoeae,
534 3167 659 3251 valde
689 3169 921 3282 elongatae.
992 3174 1164 3254 Macula
1202 3200 1374 3283 magna,
1430 3172 1635 3283 oblonga,
1692 3171 1825 3257 lusco·

126 3320 364 3435 nigricans,
419 3318 575 3405 halone
622 3322 719 3406 albo
753 3320 896 3407 cincta
936 3320 1133 3433 utrinque
1175 3351 1286 3435 pone
1326 3324 1470 3407 oculos
1513 3323 1644 3404 latera
1670 3318 1825 3435 capitis

127 3496 341 3589 occupat3
396 3480 504 3577 alia,
532 3504 559 3557 a
589 3471 825 3589 superciliis
854 3471 1091 3587 occipiens,
1132 3444 1568 3586 verticismarginem
1595 3472 1824 3585 oblongata

125 3627 254 3740 legit.
310 3628 516 3712 Anaullus
541 3624 706 3711 nuchae
734 3620 1036 3709 subrhornbeus
1064 3625 1221 3727 fuscus,
1264 3624 1336 3708 vel
1361 3626 1712 3742 grymo-fuscus,
1752 3653 1823 3709 nn·

124 3779 221 3864 tice
247 3775 502 3894 interruptus
529 3775 712 3864 includit
740 3777 947 3860 maculam
975 3772 1245 3877 rhombeam,
1274 3776 1694 3893 cinereo-pallidam.n
1747 3780 1821 3865 Ab

128 3928 220 4015 hoc
248 3929 403 4015 annulo
430 3931 601 4015 dorsum
628 3928 994 4042 longitudinaliter
1021 3929 1205 4030 fuscum,
1248 3929 1318 4011 vel
1345 3958 1494 4041 gryseo
1509 3978 1522 3993 -
1538 3929 1721 4026 fuscum,
1751 3959 1820 4012 no·

124 4092 188 4169 tis
215 4086 461 4166 transversis
488 4079 974 4194 undulato·interruptis
1004 4079 1157 4163 albidis
1184 4054 1373 4194 pictum,
1413 4078 1460 4162 in
1489 4079 1621 4162 cauda
1651 4106 1819 4191 expres·

125 4232 334 4338 sioribus,
392 4230 439 4318 in
466 4261 614 4350 grysea
643 4200 845 4316 varietate
873 4234 1020 4317 umbra
1060 4229 1294 4344 nigricante
1331 4229 1509 4347 stipatis.
1577 4236 1657 4313 Per
1683 4228 1819 4313 latera

124 4386 265 4490 dorsi,
320 4384 424 4477 iude
450 4389 504 4472 ab
532 4416 627 4470 area
654 4383 816 4468 aurium
844 4384 896 4466 ad
923 4384 1099 4467 caudam
1129 4385 1213 4466 lere
1241 4413 1371 4497 usque
1401 4381 1527 4466 series
1562 4385 1818 4465 macularum

123 4542 363 4646 sumerum,
418 4540 578 4657 pallido
617 4520 773 4620 halone
808 4535 1104 4632 ocellatarum,
1160 4532 1279 4645 quasi
1305 4532 1353 4616 in
1381 4555 1572 4617 catenam
1600 4527 1815 4617 cohaeret.

124 4694 279 4777 Venter
304 4712 418 4777 totus
459 4689 644 4805 pallidus
685 4687 755 4773 vel
795 4685 1075 4789 cinerescens,
1133 4686 1250 4769 fusco
1279 4681 1531 4768 creberrime
1557 4684 1813 4798 pulveratus.

122 4849 291 4962 Corpus
317 4873 343 4930 e
371 4838 634 4930 brevioribus
645 4904 662 4947 ,
707 4836 1043 4938 crassiusculum,
1082 4858 1213 4941 teres,
1254 4845 1435 4951 squamis
1463 4833 1573 4920 dorsi
1604 4831 1813 4943 carinatis.

1348 5021 1375 5100 7
