4404 5902
1043 329 1192 379 ·--··-··
1860 309 1950 410 269

261 563 352 624 esse
380 531 545 628 colore‚·
587 528 634 615 in
671 548 881 616 menstruo
915 522 1139 646 spirituoso
1172 526 1267 645 plus
1302 523 1439 612 minus
1473 525 1611 641 grysei
1646 530 1830 615 evadunt
1907 528 1957 614 in

262 687 512 802 quibusdam
539 704 681 766 tamen
709 658 1043 796 persistentibus,
1084 679 1285 763 obsoletis
1313 701 1455 762 tamen
1482 677 1715 784 coloribus,
1757 681 1947 767 maculae

262 837 406 949 nigrae
437 857 481 918 et
515 833 669 950 strigae
704 830 980 919 cinnabareae
1018 851 1260 915 constanter
1292 827 1542 950 persistunt,
1600 828 1950 947 viridi-cyaneae

264 989 498 1072 albescunt.

321 1217 464 1328 ,189.
502 1211 819 1302 LABRUS
867 1215 1238 1332 capistratus
1278 1213 1409 1308 TAB.
1447 1208 1572 1300 LIX.
1603 1207 1686 1327 fig.
1725 1241 1773 1315 2.
1814 1224 1867 1306 3.

400 1445 445 1523 L.
474 1438 707 1544 virescens,
748 1441 865 1525 fusco
901 1442 1156 1544 maculatus,
1199 1438 1351 1554 capitis
1385 1433 1571 1522 fasciolis
1611 1434 1796 1552 obliquis
1823 1433 1950 1523 fuscis
2002 1482 2008 1498 ·

261 1588 390 1676 vir-idi
417 1590 682 1703 marginatis,
713 1558 838 1673 litura
867 1593 920 1674 ad
947 1592 1122 1676 caudam
1150 1589 1283 1705 nigra.

452 1745 635 1827 lLabrus
663 1770 844 1854 gryseus,
877 1746 1096 1826 Brr'r'nnicb.
1126 1748 1279 1826 massil.
1309 1775 1350 1858 p.
1380 1755 1446 1830 58.
1476 1773 1516 1825 n.
1545 1752 1612 1851 75.
1642 1742 1812 1829 Gmelr'rt
1840 1759 1948 1856 syst.

531 1895 622 1976 Ltn.
651 1895 728 1974 Ill.
759 1927 798 2008 p.
833 1907 948 1999 1296.
976 1923 1039 2006 sp.
1070 1907 1137 1999 64„

271 2088 278 2109 a
395 2049 469 2128 Est
503 2044 615 2128 inter
649 2041 831 2127 minores
867 2041 993 2127 Ponti
1031 2042 1190 2158 pisces,
1231 2047 1510 2160 praecedente
1546 2066 1690 2130 tamen
1725 2051 1858 2158 maJor
1885 2066 1946 2151 et,
1990 2087 1998 2099 ·

259 2219 302 2280 ut
328 2192 435 2300 ille,
463 2195 562 2280 satis
590 2196 782 2307 frequens
809 2193 856 2277 in
884 2192 978 2277 sinu
1005 2193 1339 2302 Theodosiano,
1368 2194 1509 2281 variae
1537 2196 1687 2282 aetatis
1713 2219 1759 2282 et
1786 2192 1946 2310 magni·

257 2347 443 2450 tudinis,
474 2378 497 2429 a
523 2342 859 2458 sesquipollicari
886 2347 940 2429 ad
968 2343 1419 2461 quinquepollicarem.

394 2501 568 2583 Descr.
626 2495 993 2600 Subdodrantalis,
1022 2498 1258 2582 lanceolato
1271 2549 1286 2564 ·
1300 2497 1635 2616 cathetoplateus
1649 2488 1680 2599 ,¹
1703 2499 1826 2589 dorso
1852 2501 1946 2586 sub·

256 2674 404 2754 acuto,
448 2646 884 2760 submierolepidotus.
943 2649 1004 2732 Os
1031 2647 1155 2732 labiis
1183 2648 1328 2733 crassis
1357 2675 1479 2737 extus
1510 2649 1639 2754 albis,
1670 2650 1848 2738 interius
1873 2680 1946 2736 ru·

252 2801 462 2904 bicundis,
492 2797 663 2911 oblique
690 2797 875 2892 sulcatis;
903 2800 1043 2884 dentes
1069 2800 1117 2883 in
1145 2799 1331 2885 maxillis
1361 2799 1605 2916 aequalibus
1637 2802 1747 2890 infra
1774 2802 1946 2905 minuti,

253 2949 554 3053 obtusiusculi,
595 2978 716 3064 supra
745 2947 1018 3053 acutiusculi,
1061 2949 1213 3035 mediis
1241 2954 1401 3035 duobus
1429 2955 1558 3068 paulo
1584 2955 1840 3067 majoribus,
1879 2955 1944 3042 di·

253 3104 472 3192 stantibus.
538 3101 745 3214 Operculo
784 3101 932 3185 obtuse
974 3103 1193 3213 angulata,
1250 3100 1408 3184 lamina
1454 3104 1693 3189 suboculari
1739 3106 1941 3190 confertis

254 3252 483 3342 denticulis
511 3248 800 3366 subpectinata
812 3283 827 3344 ,-
868 3250 1055 3334 Flabella
1082 3253 1159 3336 sub
1185 3246 1345 3333 isthmo
1373 3251 1496 3363 gulae
1532 3281 1740 3340 connexa.
1806 3255 1942 3341 Irides

250 3410 391 3494 flavo·
406 3426 651 3518 argenteae,
679 3399 839 3484 circulo
867 3401 1009 3485 viridi.
1067 3405 1203 3518 Caput
1229 3401 1388 3498 viride,
1418 3400 1534 3486 fusco
1562 3404 1830 3508 maculatum,
1860 3406 1939 3491 sub

250 3556 389 3646 oculis
407 3561 557 3668 fasciis
583 3556 741 3638 duabus
769 3553 1087 3667 operculorum,
1129 3551 1301 3666 oblique
1339 3550 1579 3665 parallelis,
1622 3552 1943 3669 nigricantibus,

250 3709 384 3796 viridi
411 3705 657 3792 saturatione
685 3700 926 3815 marginatis
955 3733 1129 3818 quarum
1158 3702 1343 3788 anterior
1370 3700 1590 3787 maxillam
1616 3702 1747 3790 instar
1766 3710 1940 3821 caprstri

251 3858 538 3977 amplectitur,
568 3878 611 3941 et
639 3853 765 3938 litura
793 3850 917 3936 rostri
945 3876 1043 3936 onte
1071 3855 1216 3939 oculos
1245 3851 1489 3968 nigricante.
1528 3856 1686 3968 Corpus
1713 3855 1939 3962 virescens,

247 4013 370 4098 fusco
399 4011 678 4107 maculatum,
729 4005 872 4086 subtus
899 4001 1088 4089 albidum
1102 4066 1118 4104 ,
1166 4012 1292 4127 litura
1321 4033 1468 4116 magna
1497 4003 1617 4116 nigra
1645 4011 1714 4090 vel
1740 4008 1855 4092 fusca
1883 4013 1939 4094 ad

247 4164 438 4248 radicem
464 4159 712 4245 inferiorum
740 4155 951 4240 radiorum
978 4158 1148 4241 caudae.
1204 4157 1354 4242 Sutura
1382 4152 1567 4237 lateralis
1596 4155 1736 4243 solita.
1784 4162 1939 4249 Pinnas

248 4319 478 4428 pectorales
504 4314 613 4396 flavo
627 4359 641 4373 ·
656 4309 863 4411 virentes,
893 4302 1104 4390 radiorum
1139 4321 1198 4393 ιδ.
1226 4311 1428 4391 ventrales
1454 4303 1737 4412 virescentes,
1767 4308 1937 4425 punctis

248 4464 413 4579 aliquot
453 4459 602 4564 luscis,
645 4459 933 4543 membranula
970 4461 1027 4583 ⁸5¹
1065 4480 1255 4542 ventrem
1295 4456 1533 4556 fraenatae,
1573 4459 1660 4542 rad.
1692 4471 1730 4543 6.
1759 4489 1937 4571 quorum

248 4611 410 4728 primus
440 4611 693 4726 spinescens.
747 4611 796 4693 P.
824 4611 1000 4692 dorsalis
1028 4598 1157 4695 radiis
1187 4605 1364 4721 spinosis
1400 4623 1460 4709 14.
1490 4605 1834 4723 subaequalibus,
1863 4639 1938 4700 no·

250 4791 346 4855 rem
374 4761 571 4871 ramosis,
615 4755 944 4881 prolixioribus,
986 4756 1239 4852 membranis
1270 4755 1459 4850 omnium
1487 4757 1815 4876 virescentibus,
1849 4793 1936 4854 ma·
