4404 5902
169 557 338 645 alterne
365 554 624 646 imbricatos.
695 557 833 648 Oculo
863 558 958 645 alba
984 558 1274 676 magnitudine
1304 563 1540 682 papaveris.
1609 572 1660 654 In
1690 593 1869 685 quatuor

168 710 313 826 granis
354 711 492 798 orarii
533 713 642 800 ultra
682 749 776 827 7⁰⁰·
818 710 1052 798 numeravi.
1122 716 1240 803 Odor
1280 715 1457 803 minime
1498 717 1777 834 pisculentus,
1821 745 1866 811 et

168 863 310 950 carnis
338 863 613 958 mollissimae
649 866 777 953 facies
808 865 910 970 alia,
959 864 1092 982 magis
1122 871 1175 954 ad
1202 899 1346 955 carnes
1375 892 1616 985 serpentum
1644 876 1863 979 accedens.

168 1020 390 1131 cartilago
419 1015 593 1133 spinalis
622 1051 745 1119 cava,
772 1042 905 1106 setam
932 1019 1238 1128 transmittens,
1267 1044 1314 1108 et
1341 1052 1499 1129 vacua3
1527 1024 1717 1109 medulla
1742 1021 1865 1141 supra

166 1168 293 1255 illam
319 1169 365 1255 in
393 1173 496 1256 tubo
522 1169 744 1288 triquetro,

295 1335 488 1421 Lampetra
512 1332 800 1424 Camstchatica,
840 1353 933 1424 quae
960 1333 1011 1402 ibi
1036 1336 1074 1401 in
1099 1331 1240 1422 iluriis,
1280 1334 1326 1404 ad
1352 1338 1462 1404 maris
1491 1338 1661 1407 viciniam
1687 1359 1800 1432 usque
1824 1345 1882 1414 et⁴

166 1457 206 1524 iu
231 1451 383 1522 lacubus
408 1451 579 1541 frequens
607 1461 727 1523 estet
752 1456 937 1544 inquilinis
966 1455 1213 1527 Torertscbitsch
1239 1456 1469 1547 appellatur,
1501 1458 1624 1549 pedali
1650 1461 1761 1550 paulo
1787 1483 1862 1532 ma·

164 1581 226 1670 jor
250 1581 329 1657 est3
353 1574 457 1643 brevi
481 1578 623 1665 capite,
650 1575 714 1644 oris
741 1577 857 1666 figura
883 1577 1062 1667 oblonga,
1088 1557 1233 1646 dentibus
1260 1576 1541 1666 latescentibus,
1568 1579 1710 1650 duobus
1737 1601 1862 1672 supra,

164 1717 238 1766 sex
263 1695 424 1765 inferius.
477 1690 648 1765 Oculorum
672 1696 781 1765 irides
810 1719 955 1768 aeneae.
1008 1691 1136 1789 Corpus
1163 1698 1408 1789 elapidatum,
1443 1676 1553 1764 dorso
1578 1695 1738 1789 fuscum,
1767 1702 1861 1773 late·

163 1818 268 1886 ribus
295 1820 499 1886 virescente
524 1838 675 1887 aeneum
700 1821 821 1907 strigis
847 1818 1059 1903 undulatis,
1085 1824 1328 1906 transversis,
1356 1818 1465 1886 fuscis
1478 1863 1490 1904 ,
1533 1827 1662 1889 ventre
1687 1822 1772 1894 albo
1800 1843 1862 1893 ua·

162 1960 254 2029 que.
319 1935 517 2030 Spiraculum
545 1942 715 2037 utrinque
743 1943 949 2029 septimum.
1014 1934 1116 2009 Pinna
1156 1943 1278 2032 priore
1302 1940 1533 2024 lutescente,
1583 1946 1787 2039 posteriore
1814 1942 1863 2013 ad

161 2060 323 2132 caudam
347 2064 603 2149 pertingente,
631 2063 735 2149 apice
761 2060 1119 2148 fusco-nigricante.
1173 2055 1288 2131 caira
1315 2059 1514 2151 pollicari3
1550 2080 1609 2129 ono
1637 2069 1722 2130 octo
1749 2062 1858 2152 polli-

159 2204 251 2254 cum
277 2202 300 2248 a
324 2187 444 2250 rostro
468 2180 654 2248 distantia.
716 2185 775 2248 An
801 2185 921 2271 specie
949 2182 1151 2251 distincta?
1196 2180 1286 2249 mihi
1309 2189 1455 2274 tentum
1482 2201 1529 2248 ex
1556 2182 1770 2271 imperfecta
1794 2183 1861 2252 de·

161 2308 366 2394 scriptione
394 2296 518 2370 Merra
542 2305 712 2394 cognita,
738 2302 804 2368 sed
829 2323 876 2369 ex
902 2302 1081 2392 catalogo
1114 2305 1268 2393 piscium
1302 2305 1337 2370 in
1364 2308 1474 2391 portu
1498 2305 1541 2370 D.
1567 2305 1668 2371 Petri
1694 2311 1733 2373 et
1757 2303 1859 2375 Pauli

160 2423 438 2498 Camtschatico
463 2422 510 2490 ab
536 2425 691 2490 amiciss.
718 2417 842 2492 Tilesio
881 2428 1088 2514 nuperrime
1123 2423 1403 2494 observatorum
1429 2423 1476 2492 ad
1501 2401 1560 2494 me
1585 2428 1696 2494 naisso
1722 2429 1859 2499 certior

157 2547 311 2634 factus,
337 2548 460 2636 specie
485 2543 694 2614 distinctam
719 2563 813 2615 esse.

705 2711 855 2799 Annos.
884 2733 923 2798 et
965 2712 1096 2797 adlit.
1131 2711 1314 2798 editoris.

265 2877 436 2944 Auctoris
474 2872 728 2960 celeberruni3
777 2879 838 2944 cui
880 2895 976 2942 nova
1016 2892 1096 2939 mea
1128 2871 1321 2962 Zoologica
1347 2873 1383 2938 in
1407 2874 1540 2942 itinere
1566 2874 1704 2942 circum
1728 2876 1851 2945 terrae

158 2982 317 3090 globum
340 3016 389 3064 ex
402 2997 549 3066 Oceano
574 2995 744 3065 orientali
770 2995 929 3064 collecta
953 2997 1222 3063 communicare
1248 3015 1290 3060 ac
1308 2991 1736 3084 Zoographiaeltoasicae
1758 3001 1852 3088 ejus·

153 3121 250 3190 dem
274 3123 453 3186 inseruere
479 3122 673 3208 promissi,
714 3124 943 3207 praematura
970 3135 1066 3181 mors
1093 3113 1311 3200 impedivit,
1360 3135 1433 3201 quo
1464 3118 1582 3178 minus
1609 3117 1748 3181 Auctor
1770 3121 1854 3204 Ipse

157 3261 207 3310 ee
221 3285 236 3326 ,
278 3257 371 3327 quae
394 3243 430 3306 ei
457 3243 718 3327 convenirent,
770 3261 818 3306 ex
844 3236 1011 3303 leonibus
1045 3239 1084 3300 et
1123 3230 1426 3321 descriptionibus
1451 3236 1539 3298 meis
1566 3236 1720 3321 piscium
1747 3236 1853 3301 Cam-

154 3360 425 3435 tschaticorum
463 3363 499 3427 in
535 3364 814 3427 novissimorum
833 3351 1027 3424 'Actorum
1063 3353 1174 3421 Acad.
1213 3357 1355 3441 Petrop.
1397 3345 1609 3448 (Memoires
1636 3350 1680 3419 de
1707 3351 1850 3425 l’Acad.

156 3490 257 3572 Imp.
285 3481 350 3548 des
376 3500 425 3548 sc.
455 3481 575 3550 dest.
615 3481 774 3548 Petersb.
814 3474 1091 3565 inscriptorum)
1131 3472 1327 3544 Volumina
1357 3476 1384 3540 l.
1411 3477 1456 3538 Il.
1484 3476 1548 3539 ΙΙΙ.
1574 3476 1633 3541 IV.
1659 3480 1698 3539 et
1723 3477 1851 3570 quinto

151 3606 269 3676 editis
309 3601 461 3691 eligeret
498 3600 756 3693 adjiceretque.
821 3599 991 3669 Officium
1028 3599 1138 3684 igitur
1176 3590 1265 3658 mihi
1304 3595 1375 3660 erit
1414 3591 1557 3660 defecta
1583 3591 1644 3661 rel
1669 3593 1778 3660 dubia
1802 3615 1853 3662 ex

149 3730 253 3798 meis
277 3723 496 3812 complendi.
562 3718 704 3795 Addam
738 3726 862 3812 itaque
901 3738 996 3786 nunc
1035 3714 1212 3783 Tabulam
1254 3733 1380 3779 meam¹
1412 3719 1545 3780 IXnam
1586 3734 1633 3780 ex
1659 3712 1853 3783 Volumina

151 3855 245 3920 Act.
274 3840 390 3915 Acad.
414 3847 558 3936 Petrop.
584 3846 682 3912 111tio
724 3842 833 3912 simul
869 3861 953 3911 cum
991 3839 1238 3927 descriptione
1277 3838 1564 3924 Petromyzontis
1590 3839 1720 3902 marini
1744 3836 1850 3905 Cam·

148 3968 333 4045 tschatici
349 3988 360 4037 ε

144 4141 556 4250 Petromyzon
608 4139 866 4218 morinus
923 4126 1401 4216 Camtsclzoticus
1442 4119 1514 4204 vel
1549 4115 1733 4202 Mustela
1760 4113 1849 4204 sire

241 4294 467 4407 Lampetra
508 4281 841 4377 camachum,
898 4279 1142 4406 Itaelmenis
1184 4278 1445 4362 Conaboisclt
1488 4269 1682 4358 Cosaccia
1720 4266 1767 4352 iu

772 4458 898 4552 portu
930 4436 1077 4543 Minog
1104 4427 1232 4512 dicta.

719 4592 794 4680 (huc
816 4598 949 4675 pertinet
970 4591 1048 4653 Tib.
1075 4592 1120 4650 lx
1143 4583 1284 4670 Tilesii.)

253 4735 294 4802 P.
325 4729 652 4820 septempolliceris
678 4731 786 4818 pinna
811 4723 948 4792 dorsali
974 4724 1178 4812 posteriore
1205 4738 1288 4786 cum
1316 4712 1463 4782 caudali
1492 4718 1530 4782 et
1552 4714 1707 4801 vestigio
1734 4708 1847 4780 anatis

134 4854 389 4940 confluente,
415 4871 569 4941 corpore
595 4870 667 4917 non
692 4845 900 4931 maculato,
939 4841 1054 4912 oculis
1082 4841 1317 4930 conspicuis,
1345 4855 1409 4904 ore
1434 4834 1605 4905 circulari
1630 4832 1691 4902 vel
1717 4838 1844 4914 ovato,
1943 4911 1944 4914 Ἴ

1382 4981 1402 5022 0
