<?xml version="1.0" encoding="UTF-8"?>
<!DOCTYPE html PUBLIC "-//W3C//DTD XHTML 1.0 Transitional//EN"
    "http://www.w3.org/TR/xhtml1/DTD/xhtml1-transitional.dtd">
<html xmlns="http://www.w3.org/1999/xhtml" xml:lang="en" lang="en">
 <head>
  <title>
</title>
<meta http-equiv="Content-Type" content="text/html;charset=utf-8" />
  <meta name='ocr-system' content='tesseract 3.04.00' />
  <meta name='ocr-capabilities' content='ocr_page ocr_carea ocr_par ocr_line ocrx_word'/>
</head>
<body>
  <div class='ocr_page' id='page_1' title='image "./zoographiarosso00pallgoog_0220.png"; bbox 0 0 4404 5902; ppageno 0'>
   <div class='ocr_carea' id='block_1_1' title="bbox 641 564 1555 694">
    <p class='ocr_par' dir='ltr' id='par_1_1' title="bbox 641 564 1555 694">
     <span class='ocr_line' id='line_1_1' title="bbox 641 564 1555 694; baseline -0.007 0"><span class='ocrx_word' id='word_1_1' title='bbox 641 564 647 575; x_wconf 34' lang='lat'>⁸</span> <span class='ocrx_word' id='word_1_2' title='bbox 814 582 970 694; x_wconf 84' lang='lat' dir='ltr'>XXV.</span> <span class='ocrx_word' id='word_1_3' title='bbox 1035 581 1555 688; x_wconf 78' lang='lat' dir='ltr'>CLVPEAF.</span> 
     </span>
    </p>
   </div>
   <div class='ocr_carea' id='block_1_2' title="bbox 327 879 2039 1464">
    <p class='ocr_par' dir='ltr' id='par_1_2' title="bbox 327 879 2039 1464">
     <span class='ocr_line' id='line_1_2' title="bbox 469 879 2039 1004; baseline -0.001 -27"><span class='ocrx_word' id='word_1_4' title='bbox 469 891 651 1004; x_wconf 81' lang='lat' dir='ltr'>Elegans</span> <span class='ocrx_word' id='word_1_5' title='bbox 679 908 723 974; x_wconf 88' lang='lat' dir='ltr'>et</span> <span class='ocrx_word' id='word_1_6' title='bbox 749 883 945 986; x_wconf 83' lang='lat' dir='ltr'>imbelle,</span> <span class='ocrx_word' id='word_1_7' title='bbox 1000 880 1169 969; x_wconf 87' lang='lat' dir='ltr'>homini</span> <span class='ocrx_word' id='word_1_8' title='bbox 1198 907 1242 970; x_wconf 89' lang='lat' dir='ltr'>et</span> <span class='ocrx_word' id='word_1_9' title='bbox 1269 881 1426 970; x_wconf 87' lang='lat' dir='ltr'><strong>belluis</strong></span> <span class='ocrx_word' id='word_1_10' title='bbox 1453 879 1625 968; x_wconf 87' lang='lat' dir='ltr'>marinis</span> <span class='ocrx_word' id='word_1_11' title='bbox 1651 882 1697 969; x_wconf 90' lang='lat' dir='ltr'>in</span> <span class='ocrx_word' id='word_1_12' title='bbox 1725 884 1930 1000; x_wconf 79' lang='lat' dir='ltr'>praedam</span> <span class='ocrx_word' id='word_1_13' title='bbox 1960 890 2039 975; x_wconf 83' lang='lat' dir='ltr'>de·</span> 
     </span>
     <span class='ocr_line' id='line_1_3' title="bbox 327 1034 2039 1157; baseline -0.001 -28"><span class='ocrx_word' id='word_1_14' title='bbox 327 1044 532 1131; x_wconf 81' lang='lat' dir='ltr'>stinatum</span> <span class='ocrx_word' id='word_1_15' title='bbox 560 1042 804 1157; x_wconf 84' lang='lat' dir='ltr'>clupeamm</span> <span class='ocrx_word' id='word_1_16' title='bbox 834 1067 983 1151; x_wconf 84' lang='lat' dir='ltr'>genus,</span> <span class='ocrx_word' id='word_1_17' title='bbox 1031 1067 1109 1151; x_wconf 87' lang='lat' dir='ltr'>per</span> <span class='ocrx_word' id='word_1_18' title='bbox 1148 1037 1289 1122; x_wconf 83' lang='lat' dir='ltr'>omnia</span> <span class='ocrx_word' id='word_1_19' title='bbox 1319 1035 1438 1150; x_wconf 85' lang='lat' dir='ltr'>globi</span> <span class='ocrx_word' id='word_1_20' title='bbox 1463 1034 1676 1150; x_wconf 81' lang='lat' dir='ltr'>terraquei</span> <span class='ocrx_word' id='word_1_21' title='bbox 1712 1037 1844 1149; x_wconf 81' lang='lat' dir='ltr'>maria</span> <span class='ocrx_word' id='word_1_22' title='bbox 1877 1042 2039 1155; x_wconf 75' lang='lat' dir='ltr'><strong>sparsit</strong></span> 
     </span>
     <span class='ocr_line' id='line_1_4' title="bbox 328 1187 2038 1308; baseline -0.001 -28"><span class='ocrx_word' id='word_1_23' title='bbox 328 1202 515 1298; x_wconf 85' lang='lat' dir='ltr'>Natura,</span> <span class='ocrx_word' id='word_1_24' title='bbox 571 1213 616 1278; x_wconf 88' lang='lat' dir='ltr'>ct</span> <span class='ocrx_word' id='word_1_25' title='bbox 654 1191 771 1275; x_wconf 89' lang='lat' dir='ltr'>miris</span> <span class='ocrx_word' id='word_1_26' title='bbox 814 1187 1157 1301; x_wconf 83' lang='lat' dir='ltr'>migrationibus,</span> <span class='ocrx_word' id='word_1_27' title='bbox 1210 1189 1483 1304; x_wconf 82' lang='lat' dir='ltr'>generatione</span> <span class='ocrx_word' id='word_1_28' title='bbox 1524 1188 1824 1274; x_wconf 83' lang='lat' dir='ltr'>innumerabili</span> <span class='ocrx_word' id='word_1_29' title='bbox 1866 1192 2038 1308; x_wconf 82' lang='lat' dir='ltr'>ubique</span> 
     </span>
     <span class='ocr_line' id='line_1_5' title="bbox 330 1339 2034 1464; baseline 0 -33"><span class='ocrx_word' id='word_1_30' title='bbox 330 1350 531 1464; x_wconf 86' lang='lat' dir='ltr'><strong>prodesse</strong></span> <span class='ocrx_word' id='word_1_31' title='bbox 560 1344 716 1445; x_wconf 86' lang='lat' dir='ltr'>voluit,</span> <span class='ocrx_word' id='word_1_32' title='bbox 759 1342 864 1426; x_wconf 89' lang='lat' dir='ltr'>licet</span> <span class='ocrx_word' id='word_1_33' title='bbox 893 1339 1186 1441; x_wconf 81' lang='lat' dir='ltr'>brevissimae,</span> <span class='ocrx_word' id='word_1_34' title='bbox 1227 1365 1274 1425; x_wconf 91' lang='lat' dir='ltr'>ut</span> <span class='ocrx_word' id='word_1_35' title='bbox 1303 1342 1499 1441; x_wconf 88' lang='lat' dir='ltr'>videtur,</span> <span class='ocrx_word' id='word_1_36' title='bbox 1539 1342 1653 1427; x_wconf 81' lang='lat' dir='ltr'>vitae</span> <span class='ocrx_word' id='word_1_37' title='bbox 1692 1372 1823 1427; x_wconf 88' lang='lat' dir='ltr'>cursu.</span> <span class='ocrx_word' id='word_1_38' title='bbox 1885 1344 2034 1431; x_wconf 84' lang='lat' dir='ltr'>Maria</span> 
     </span>
    </p>
   </div>
   <div class='ocr_carea' id='block_1_3' title="bbox 329 1490 2034 1613">
    <p class='ocr_par' dir='ltr' id='par_1_3' title="bbox 329 1490 2034 1613">
     <span class='ocr_line' id='line_1_6' title="bbox 329 1490 2034 1613; baseline 0.001 -31"><span class='ocrx_word' id='word_1_39' title='bbox 329 1499 515 1613; x_wconf 89' lang='lat' dir='ltr'>Imperio</span> <span class='ocrx_word' id='word_1_40' title='bbox 544 1496 720 1583; x_wconf 81' lang='lat' dir='ltr'>Rossico</span> <span class='ocrx_word' id='word_1_41' title='bbox 749 1490 949 1606; x_wconf 81' lang='lat' dir='ltr'>contigua</span> <span class='ocrx_word' id='word_1_42' title='bbox 975 1493 1093 1576; x_wconf 86' lang='lat' dir='ltr'>nulla</span> <span class='ocrx_word' id='word_1_43' title='bbox 1122 1491 1203 1578; x_wconf 84' lang='lat' dir='ltr'>hac</span> <span class='ocrx_word' id='word_1_44' title='bbox 1231 1495 1435 1607; x_wconf 81' lang='lat' dir='ltr'>progenie</span> <span class='ocrx_word' id='word_1_45' title='bbox 1462 1517 1619 1598; x_wconf 86' lang='lat' dir='ltr'>carent,</span> <span class='ocrx_word' id='word_1_46' title='bbox 1648 1493 1752 1579; x_wconf 91' lang='lat' dir='ltr'>licet</span> <span class='ocrx_word' id='word_1_47' title='bbox 1777 1494 1825 1580; x_wconf 90' lang='lat' dir='ltr'>in</span> <span class='ocrx_word' id='word_1_48' title='bbox 1854 1496 2034 1612; x_wconf 83' lang='lat' dir='ltr'>quibus·</span> 
     </span>
    </p>
   </div>
   <div class='ocr_carea' id='block_1_4' title="bbox 314 1643 2035 4662">
    <p class='ocr_par' dir='ltr' id='par_1_4' title="bbox 323 1643 2035 2689">
     <span class='ocr_line' id='line_1_7' title="bbox 328 1643 2035 1765; baseline 0.003 -30"><span class='ocrx_word' id='word_1_49' title='bbox 328 1652 425 1735; x_wconf 89' lang='lat' dir='ltr'>dam</span> <span class='ocrx_word' id='word_1_50' title='bbox 455 1648 716 1764; x_wconf 83' lang='lat' dir='ltr'>regionibus,</span> <span class='ocrx_word' id='word_1_51' title='bbox 762 1666 935 1761; x_wconf 88' lang='lat' dir='ltr'>propter</span> <span class='ocrx_word' id='word_1_52' title='bbox 972 1643 1222 1728; x_wconf 85' lang='lat' dir='ltr'>immensam</span> <span class='ocrx_word' id='word_1_53' title='bbox 1263 1676 1508 1760; x_wconf 84' lang='lat' dir='ltr'>magnorum</span> <span class='ocrx_word' id='word_1_54' title='bbox 1550 1645 1734 1760; x_wconf 87' lang='lat' dir='ltr'>piscium</span> <span class='ocrx_word' id='word_1_55' title='bbox 1771 1648 1945 1765; x_wconf 88' lang='lat' dir='ltr'>copiam</span> <span class='ocrx_word' id='word_1_56' title='bbox 1983 1676 2035 1740; x_wconf 85' lang='lat' dir='ltr'>et</span> 
     </span>
     <span class='ocr_line' id='line_1_8' title="bbox 327 1796 2031 1917; baseline 0.005 -31"><span class='ocrx_word' id='word_1_57' title='bbox 327 1800 537 1886; x_wconf 83' lang='lat' dir='ltr'>incuriam</span> <span class='ocrx_word' id='word_1_58' title='bbox 566 1802 636 1885; x_wconf 82' lang='lat' dir='ltr'>vel</span> <span class='ocrx_word' id='word_1_59' title='bbox 665 1797 924 1913; x_wconf 89' lang='lat' dir='ltr'>imperitiam</span> <span class='ocrx_word' id='word_1_60' title='bbox 966 1796 1221 1910; x_wconf 81' lang='lat' dir='ltr'>piscatorum</span> <span class='ocrx_word' id='word_1_61' title='bbox 1267 1798 1510 1883; x_wconf 77' lang='lat' dir='ltr'>adhucdum</span> <span class='ocrx_word' id='word_1_62' title='bbox 1554 1823 1726 1915; x_wconf 85' lang='lat' dir='ltr'>captura</span> <span class='ocrx_word' id='word_1_63' title='bbox 1768 1802 2031 1917; x_wconf 79' lang='lat' dir='ltr'>negligatur,</span> 
     </span>
     <span class='ocr_line' id='line_1_9' title="bbox 325 1949 2033 2067; baseline 0.006 -30"><span class='ocrx_word' id='word_1_64' title='bbox 325 1952 429 2039; x_wconf 91' lang='lat' dir='ltr'>olim</span> <span class='ocrx_word' id='word_1_65' title='bbox 471 1953 652 2067; x_wconf 86' lang='lat' dir='ltr'>posteris</span> <span class='ocrx_word' id='word_1_66' title='bbox 690 1952 921 2067; x_wconf 86' lang='lat' dir='ltr'>profutura.</span> <span class='ocrx_word' id='word_1_67' title='bbox 989 1953 1082 2031; x_wconf 81' lang='lat' dir='ltr'>lam</span> <span class='ocrx_word' id='word_1_68' title='bbox 1127 1970 1269 2033; x_wconf 85' lang='lat' dir='ltr'>tamen</span> <span class='ocrx_word' id='word_1_69' title='bbox 1311 1949 1509 2035; x_wconf 90' lang='lat' dir='ltr'>halecum</span> <span class='ocrx_word' id='word_1_70' title='bbox 1550 1951 1761 2066; x_wconf 82' lang='lat' dir='ltr'>piscatura</span> <span class='ocrx_word' id='word_1_71' title='bbox 1800 1953 1849 2038; x_wconf 92' lang='lat' dir='ltr'>in</span> <span class='ocrx_word' id='word_1_72' title='bbox 1890 1960 2033 2047; x_wconf 84' lang='lat' dir='ltr'>boreo</span> 
     </span>
     <span class='ocr_line' id='line_1_10' title="bbox 323 2099 2031 2213; baseline -0.002 -23"><span class='ocrx_word' id='word_1_73' title='bbox 323 2105 431 2191; x_wconf 84' lang='lat' dir='ltr'>mari</span> <span class='ocrx_word' id='word_1_74' title='bbox 461 2103 674 2190; x_wconf 85' lang='lat' dir='ltr'>ardentius</span> <span class='ocrx_word' id='word_1_75' title='bbox 714 2101 880 2188; x_wconf 89' lang='lat' dir='ltr'>institui</span> <span class='ocrx_word' id='word_1_76' title='bbox 918 2099 1089 2213; x_wconf 86' lang='lat' dir='ltr'>coepit,</span> <span class='ocrx_word' id='word_1_77' title='bbox 1131 2122 1176 2183; x_wconf 87' lang='lat' dir='ltr'>et</span> <span class='ocrx_word' id='word_1_78' title='bbox 1215 2101 1260 2185; x_wconf 94' lang='lat' dir='ltr'>in</span> <span class='ocrx_word' id='word_1_79' title='bbox 1289 2108 1426 2188; x_wconf 92' lang='lat' dir='ltr'>Ponto</span> <span class='ocrx_word' id='word_1_80' title='bbox 1453 2133 1551 2188; x_wconf 90' lang='lat' dir='ltr'>cum</span> <span class='ocrx_word' id='word_1_81' title='bbox 1578 2105 1840 2191; x_wconf 79' lang='lat' dir='ltr'>Piltscbardo</span> <span class='ocrx_word' id='word_1_82' title='bbox 1865 2133 1914 2193; x_wconf 91' lang='lat' dir='ltr'>et</span> <span class='ocrx_word' id='word_1_83' title='bbox 1943 2121 2031 2199; x_wconf 84' lang='lat' dir='ltr'>En.</span> 
     </span>
     <span class='ocr_line' id='line_1_11' title="bbox 324 2252 2031 2399; baseline 0.008 -58"><span class='ocrx_word' id='word_1_84' title='bbox 324 2256 530 2342; x_wconf 82' lang='lat' dir='ltr'>crasicolo</span> <span class='ocrx_word' id='word_1_85' title='bbox 572 2277 864 2371; x_wconf 85' lang='lat' dir='ltr'>expenmenta</span> <span class='ocrx_word' id='word_1_86' title='bbox 905 2252 1098 2338; x_wconf 89' lang='lat' dir='ltr'>instituta</span> <span class='ocrx_word' id='word_1_87' title='bbox 1138 2254 1331 2359; x_wconf 83' lang='lat' dir='ltr'>luerunt,</span> <span class='ocrx_word' id='word_1_88' title='bbox 1372 2285 1459 2341; x_wconf 91' lang='lat' dir='ltr'>non</span> <span class='ocrx_word' id='word_1_89' title='bbox 1497 2254 1591 2399; x_wconf 79' lang='lat' dir='ltr'>sine</span> <span class='ocrx_word' id='word_1_90' title='bbox 1629 2286 1825 2343; x_wconf 86' lang='lat' dir='ltr'>successu</span> <span class='ocrx_word' id='word_1_91' title='bbox 1859 2286 1907 2349; x_wconf 88' lang='lat' dir='ltr'>et</span> <span class='ocrx_word' id='word_1_92' title='bbox 1949 2298 2031 2387; x_wconf 81' lang='lat' dir='ltr'>spo</span> 
     </span>
     <span class='ocr_line' id='line_1_12' title="bbox 323 2407 1662 2532; baseline 0.007 -40"><span class='ocrx_word' id='word_1_93' title='bbox 323 2407 472 2492; x_wconf 81' lang='lat' dir='ltr'>loturi.</span> <span class='ocrx_word' id='word_1_94' title='bbox 708 2519 713 2532; x_wconf 91' lang='lat'>.</span> <span class='ocrx_word' id='word_1_95' title='bbox 1646 2490 1662 2529; x_wconf 66' lang='lat' dir='ltr'>a.</span> 
     </span>
     <span class='ocr_line' id='line_1_13' title="bbox 324 2565 2030 2689; baseline 0.005 -26"><span class='ocrx_word' id='word_1_96' title='bbox 324 2575 441 2663; x_wconf 75' lang='lat'>151.</span> <span class='ocrx_word' id='word_1_97' title='bbox 482 2565 817 2661; x_wconf 82' lang='lat' dir='ltr'><strong>CLUPEA</strong></span> <span class='ocrx_word' id='word_1_98' title='bbox 854 2567 2030 2689; x_wconf 67' lang='lat' dir='ltr'>numeroram,TAB.XLJV.fig.1.A.nc.</span> 
     </span>
    </p>

    <p class='ocr_par' dir='ltr' id='par_1_5' title="bbox 318 2712 2031 2950">
     <span class='ocr_line' id='line_1_14' title="bbox 460 2712 2031 2830; baseline -0.001 -30"><span class='ocrx_word' id='word_1_99' title='bbox 460 2713 510 2800; x_wconf 83' lang='lat' dir='ltr'>C.</span> <span class='ocrx_word' id='word_1_100' title='bbox 541 2712 730 2798; x_wconf 77' lang='lat' dir='ltr'>maxillis</span> <span class='ocrx_word' id='word_1_101' title='bbox 758 2712 1107 2826; x_wconf 84' lang='lat' dir='ltr'>subaequalibus,</span> <span class='ocrx_word' id='word_1_102' title='bbox 1136 2714 1267 2830; x_wconf 85' lang='lat' dir='ltr'>pinna</span> <span class='ocrx_word' id='word_1_103' title='bbox 1296 2714 1410 2799; x_wconf 90' lang='lat' dir='ltr'>dorsi</span> <span class='ocrx_word' id='word_1_104' title='bbox 1438 2713 1650 2800; x_wconf 84' lang='lat' dir='ltr'>radiorum</span> <span class='ocrx_word' id='word_1_105' title='bbox 1678 2719 1934 2827; x_wconf 80' lang='lat' dir='ltr'>sexdecim,</span> <span class='ocrx_word' id='word_1_106' title='bbox 1961 2758 2031 2817; x_wconf 64' lang='grc' dir='ltr'>ο..</span> 
     </span>
     <span class='ocr_line' id='line_1_15' title="bbox 318 2862 1132 2950; baseline 0.002 -1"><span class='ocrx_word' id='word_1_107' title='bbox 318 2862 413 2949; x_wconf 82' lang='lat' dir='ltr'>rina</span> <span class='ocrx_word' id='word_1_108' title='bbox 440 2863 680 2950; x_wconf 89' lang='lat' dir='ltr'>abdominis</span> <span class='ocrx_word' id='word_1_109' title='bbox 707 2862 935 2950; x_wconf 86' lang='lat' dir='ltr'>denticulis</span> <span class='ocrx_word' id='word_1_110' title='bbox 963 2888 1132 2950; x_wconf 83' lang='lat' dir='ltr'>serrata.</span> 
     </span>
    </p>

    <p class='ocr_par' dir='ltr' id='par_1_6' title="bbox 428 3018 2029 4044">
     <span class='ocr_line' id='line_1_16' title="bbox 541 3018 1320 3135; baseline 0.003 -34"><span class='ocrx_word' id='word_1_111' title='bbox 541 3018 729 3120; x_wconf 86' lang='lat' dir='ltr'>Peltzer,</span> <span class='ocrx_word' id='word_1_112' title='bbox 759 3018 1022 3102; x_wconf 74' lang='lat' dir='ltr'>Schomvelcl.</span> <span class='ocrx_word' id='word_1_113' title='bbox 1052 3027 1152 3130; x_wconf 79' lang='lat' dir='ltr'>pise.</span> <span class='ocrx_word' id='word_1_114' title='bbox 1183 3053 1224 3135; x_wconf 87' lang='lat' dir='ltr'>p.</span> <span class='ocrx_word' id='word_1_115' title='bbox 1252 3037 1320 3123; x_wconf 76' lang='grc' dir='ltr'>4ο.</span> 
     </span>
     <span class='ocr_line' id='line_1_17' title="bbox 539 3166 2027 3292; baseline 0.012 -39"><span class='ocrx_word' id='word_1_116' title='bbox 539 3166 766 3254; x_wconf 82' lang='lat' dir='ltr'>Pilchard.</span> <span class='ocrx_word' id='word_1_117' title='bbox 827 3167 1049 3280; x_wconf 73' lang='lat' dir='ltr'>Watughb.</span> <span class='ocrx_word' id='word_1_118' title='bbox 1078 3174 1201 3255; x_wconf 77' lang='lat' dir='ltr'>icbtb.</span> <span class='ocrx_word' id='word_1_119' title='bbox 1233 3204 1274 3287; x_wconf 88' lang='lat' dir='ltr'>p.</span> <span class='ocrx_word' id='word_1_120' title='bbox 1306 3184 1400 3257; x_wconf 77' lang='lat'>223.</span> <span class='ocrx_word' id='word_1_121' title='bbox 1428 3173 1520 3291; x_wconf 77' lang='lat' dir='ltr'>Roj.</span> <span class='ocrx_word' id='word_1_122' title='bbox 1551 3180 1651 3289; x_wconf 76' lang='lat' dir='ltr'>pire.</span> <span class='ocrx_word' id='word_1_123' title='bbox 1681 3211 1721 3292; x_wconf 90' lang='lat' dir='ltr'>p.</span> <span class='ocrx_word' id='word_1_124' title='bbox 1756 3194 1849 3286; x_wconf 69' lang='lat'>104.</span> <span class='ocrx_word' id='word_1_125' title='bbox 1895 3186 2027 3279; x_wconf 70' lang='lat' dir='ltr'>Pauo.</span> 
     </span>
     <span class='ocr_line' id='line_1_18' title="bbox 592 3322 1675 3435; baseline 0.009 -31"><span class='ocrx_word' id='word_1_126' title='bbox 592 3322 712 3407; x_wconf 85' lang='lat' dir='ltr'>Zool.</span> <span class='ocrx_word' id='word_1_127' title='bbox 741 3325 841 3406; x_wconf 75' lang='lat' dir='ltr'>Brit.</span> <span class='ocrx_word' id='word_1_128' title='bbox 871 3324 969 3429; x_wconf 63' lang='lat'>(41⁰)</span> <span class='ocrx_word' id='word_1_129' title='bbox 999 3323 1075 3406; x_wconf 80' lang='lat' dir='ltr'>Ill.</span> <span class='ocrx_word' id='word_1_130' title='bbox 1105 3355 1145 3435; x_wconf 90' lang='lat' dir='ltr'>p.</span> <span class='ocrx_word' id='word_1_131' title='bbox 1177 3337 1271 3409; x_wconf 78' lang='lat'>300.</span> <span class='ocrx_word' id='word_1_132' title='bbox 1301 3357 1340 3407; x_wconf 86' lang='lat' dir='ltr'>n.</span> <span class='ocrx_word' id='word_1_133' title='bbox 1376 3338 1463 3410; x_wconf 79' lang='lat'>161.</span> <span class='ocrx_word' id='word_1_134' title='bbox 1494 3326 1577 3411; x_wconf 81' lang='lat' dir='ltr'>tab.</span> <span class='ocrx_word' id='word_1_135' title='bbox 1609 3340 1675 3413; x_wconf 84' lang='grc'>68.</span> 
     </span>
     <span class='ocr_line' id='line_1_19' title="bbox 428 3473 2029 3607; baseline 0.01 -49"><span class='ocrx_word' id='word_1_136' title='bbox 428 3473 573 3559; x_wconf 84' lang='lat' dir='ltr'>Rossis</span> <span class='ocrx_word' id='word_1_137' title='bbox 602 3476 654 3558; x_wconf 86' lang='lat' dir='ltr'>ad</span> <span class='ocrx_word' id='word_1_138' title='bbox 683 3473 863 3586; x_wconf 84' lang='lat' dir='ltr'>Volgam</span> <span class='ocrx_word' id='word_1_139' title='bbox 892 3475 1123 3561; x_wconf 84' lang='lat' dir='ltr'>Sbelesniza</span> <span class='ocrx_word' id='word_1_140' title='bbox 1154 3479 1204 3582; x_wconf 87' lang='lat' dir='ltr'>(i.</span> <span class='ocrx_word' id='word_1_141' title='bbox 1235 3505 1272 3560; x_wconf 91' lang='lat' dir='ltr'>e.</span> <span class='ocrx_word' id='word_1_142' title='bbox 1301 3478 1482 3590; x_wconf 81' lang='lat' dir='ltr'>ferrea),</span> <span class='ocrx_word' id='word_1_143' title='bbox 1510 3480 1581 3563; x_wconf 85' lang='lat' dir='ltr'>vel</span> <span class='ocrx_word' id='word_1_144' title='bbox 1607 3483 1862 3603; x_wconf 77' lang='lat' dir='ltr'>Bescbennja</span> <span class='ocrx_word' id='word_1_145' title='bbox 1894 3494 2029 3607; x_wconf 72' lang='lat' dir='ltr'>Ryba</span> 
     </span>
     <span class='ocr_line' id='line_1_20' title="bbox 485 3624 1972 3757; baseline 0.015 -49"><span class='ocrx_word' id='word_1_146' title='bbox 485 3624 633 3738; x_wconf 85' lang='lat' dir='ltr'>(piscis</span> <span class='ocrx_word' id='word_1_147' title='bbox 660 3625 847 3738; x_wconf 88' lang='lat' dir='ltr'>insanus)</span> <span class='ocrx_word' id='word_1_148' title='bbox 878 3628 930 3710; x_wconf 89' lang='lat' dir='ltr'>ad</span> <span class='ocrx_word' id='word_1_149' title='bbox 959 3629 1121 3708; x_wconf 72' lang='lat' dir='ltr'>Tanain</span> <span class='ocrx_word' id='word_1_150' title='bbox 1149 3649 1193 3709; x_wconf 84' lang='lat' dir='ltr'>et</span> <span class='ocrx_word' id='word_1_151' title='bbox 1220 3634 1368 3712; x_wconf 88' lang='lat' dir='ltr'>Donez</span> <span class='ocrx_word' id='word_1_152' title='bbox 1397 3632 1438 3713; x_wconf 87' lang='lat' dir='ltr'>fl.</span> <span class='ocrx_word' id='word_1_153' title='bbox 1468 3633 1648 3717; x_wconf 82' lang='lat' dir='ltr'>Seledetr</span> <span class='ocrx_word' id='word_1_154' title='bbox 1675 3637 1972 3757; x_wconf 79' lang='lat' dir='ltr'>(Halecium).</span> 
     </span>
     <span class='ocr_line' id='line_1_21' title="bbox 428 3776 2026 3900; baseline 0.014 -42"><span class='ocrx_word' id='word_1_155' title='bbox 428 3777 594 3861; x_wconf 83' lang='lat' dir='ltr'>Totaris</span> <span class='ocrx_word' id='word_1_156' title='bbox 622 3776 931 3862; x_wconf 86' lang='lat' dir='ltr'>casaniensibus</span> <span class='ocrx_word' id='word_1_157' title='bbox 962 3782 1181 3898; x_wconf 80' lang='lat' dir='ltr'>Dsbjulaer</span> <span class='ocrx_word' id='word_1_158' title='bbox 1199 3834 1208 3844; x_wconf 91' lang='lat'><strong>·</strong></span> <span class='ocrx_word' id='word_1_159' title='bbox 1228 3782 1384 3893; x_wconf 71' lang='lat' dir='ltr'>balyk,</span> <span class='ocrx_word' id='word_1_160' title='bbox 1414 3782 1563 3899; x_wconf 89' lang='lat' dir='ltr'>(piscis</span> <span class='ocrx_word' id='word_1_161' title='bbox 1590 3785 1788 3900; x_wconf 86' lang='lat' dir='ltr'>stultus),</span> <span class='ocrx_word' id='word_1_162' title='bbox 1821 3802 2026 3889; x_wconf 64' lang='lat' dir='ltr'>Astraea·</span> 
     </span>
     <span class='ocr_line' id='line_1_22' title="bbox 485 3929 988 4044; baseline 0.006 -31"><span class='ocrx_word' id='word_1_163' title='bbox 485 3929 683 4014; x_wconf 86' lang='lat' dir='ltr'>nensibus</span> <span class='ocrx_word' id='word_1_164' title='bbox 711 3933 802 4014; x_wconf 74' lang='lat' dir='ltr'>Mar</span> <span class='ocrx_word' id='word_1_165' title='bbox 815 3982 828 3996; x_wconf 94' lang='lat'><strong>·</strong></span> <span class='ocrx_word' id='word_1_166' title='bbox 843 3932 988 4044; x_wconf 75' lang='lat' dir='ltr'>bolyk.</span> 
     </span>
    </p>

    <p class='ocr_par' dir='ltr' id='par_1_7' title="bbox 426 4080 1584 4205">
     <span class='ocr_line' id='line_1_23' title="bbox 426 4080 1584 4205; baseline 0.005 -37"><span class='ocrx_word' id='word_1_167' title='bbox 426 4080 667 4169; x_wconf 88' lang='lat' dir='ltr'>Calmuccis</span> <span class='ocrx_word' id='word_1_168' title='bbox 696 4083 915 4194; x_wconf 70' lang='lat' dir='ltr'>Mahalyh.</span> <span class='ocrx_word' id='word_1_169' title='bbox 973 4084 1307 4172; x_wconf 83' lang='lat' dir='ltr'>Camtschadalis</span> <span class='ocrx_word' id='word_1_170' title='bbox 1334 4089 1584 4205; x_wconf 75' lang='lat' dir='ltr'>Nepa-nep.</span> 
     </span>
    </p>

    <p class='ocr_par' dir='ltr' id='par_1_8' title="bbox 314 4232 2024 4662">
     <span class='ocr_line' id='line_1_24' title="bbox 454 4232 2024 4352; baseline 0.014 -35"><span class='ocrx_word' id='word_1_171' title='bbox 454 4234 564 4318; x_wconf 83' lang='lat' dir='ltr'>Solis</span> <span class='ocrx_word' id='word_1_172' title='bbox 595 4232 889 4348; x_wconf 76' lang='lat' dir='ltr'>Ichthyologis</span> <span class='ocrx_word' id='word_1_173' title='bbox 918 4238 1068 4351; x_wconf 83' lang='lat' dir='ltr'>Anglis</span> <span class='ocrx_word' id='word_1_174' title='bbox 1096 4238 1177 4322; x_wconf 87' lang='lat' dir='ltr'>rite</span> <span class='ocrx_word' id='word_1_175' title='bbox 1205 4242 1450 4340; x_wconf 88' lang='lat' dir='ltr'>illustratus,</span> <span class='ocrx_word' id='word_1_176' title='bbox 1481 4245 1534 4326; x_wconf 90' lang='lat' dir='ltr'>ab</span> <span class='ocrx_word' id='word_1_177' title='bbox 1561 4247 1882 4343; x_wconf 67' lang='lat' dir='ltr'>lemmatibus</span> <span class='ocrx_word' id='word_1_178' title='bbox 1909 4266 2024 4352; x_wconf 67' lang='lat' dir='ltr'>Ac..</span> 
     </span>
     <span class='ocr_line' id='line_1_25' title="bbox 315 4389 2023 4517; baseline 0.011 -44"><span class='ocrx_word' id='word_1_179' title='bbox 315 4389 474 4476; x_wconf 73' lang='lat' dir='ltr'>demine</span> <span class='ocrx_word' id='word_1_180' title='bbox 501 4390 832 4501; x_wconf 77' lang='lat' dir='ltr'>Petropolr&#39;tanae</span> <span class='ocrx_word' id='word_1_181' title='bbox 860 4395 917 4497; x_wconf 48' lang='grc' dir='ltr'>ς’)</span> <span class='ocrx_word' id='word_1_182' title='bbox 943 4420 1165 4506; x_wconf 84' lang='lat' dir='ltr'>perperam</span> <span class='ocrx_word' id='word_1_183' title='bbox 1193 4425 1269 4508; x_wconf 88' lang='lat' dir='ltr'>pro</span> <span class='ocrx_word' id='word_1_184' title='bbox 1299 4394 1429 4478; x_wconf 86' lang='lat' dir='ltr'>Alosa</span> <span class='ocrx_word' id='word_1_185' title='bbox 1459 4392 1650 4503; x_wconf 84' lang='lat' dir='ltr'>habitus,</span> <span class='ocrx_word' id='word_1_186' title='bbox 1680 4430 1822 4517; x_wconf 85' lang='lat' dir='ltr'>neque</span> <span class='ocrx_word' id='word_1_187' title='bbox 1851 4440 1880 4494; x_wconf 71' lang='lat' dir='ltr'>a</span> <span class='ocrx_word' id='word_1_188' title='bbox 1907 4419 2023 4505; x_wconf 62' lang='lat' dir='ltr'>Li„-</span> 
     </span>
     <span class='ocr_line' id='line_1_26' title="bbox 314 4539 2023 4662; baseline 0.013 -37"><span class='ocrx_word' id='word_1_189' title='bbox 314 4573 443 4625; x_wconf 86' lang='lat' dir='ltr'>naeo</span> <span class='ocrx_word' id='word_1_190' title='bbox 472 4569 549 4653; x_wconf 90' lang='lat' dir='ltr'>pro</span> <span class='ocrx_word' id='word_1_191' title='bbox 580 4539 778 4624; x_wconf 83' lang='lat' dir='ltr'>distincta</span> <span class='ocrx_word' id='word_1_192' title='bbox 806 4540 948 4655; x_wconf 84' lang='lat' dir='ltr'>specie</span> <span class='ocrx_word' id='word_1_193' title='bbox 978 4545 1143 4658; x_wconf 84' lang='lat' dir='ltr'>agnitus</span> <span class='ocrx_word' id='word_1_194' title='bbox 1171 4546 1326 4661; x_wconf 81' lang='lat' dir='ltr'>piscis,</span> <span class='ocrx_word' id='word_1_195' title='bbox 1374 4544 1421 4632; x_wconf 90' lang='lat' dir='ltr'>in</span> <span class='ocrx_word' id='word_1_196' title='bbox 1451 4555 1587 4635; x_wconf 90' lang='lat' dir='ltr'>Ponto</span> <span class='ocrx_word' id='word_1_197' title='bbox 1612 4553 1805 4662; x_wconf 83' lang='lat' dir='ltr'>Euxino,</span> <span class='ocrx_word' id='word_1_198' title='bbox 1852 4569 2023 4659; x_wconf 61' lang='lat' dir='ltr'>Paludn</span> 
     </span>
    </p>
   </div>
   <div class='ocr_carea' id='block_1_5' title="bbox 360 4743 2020 4964">
    <p class='ocr_par' dir='ltr' id='par_1_9' title="bbox 360 4743 2020 4964">
     <span class='ocr_line' id='line_1_27' title="bbox 360 4743 2020 4936; baseline 0.025 -130"><span class='ocrx_word' id='word_1_199' title='bbox 360 4746 415 4835; x_wconf 77' lang='grc'>(*)</span> <span class='ocrx_word' id='word_1_200' title='bbox 444 4745 622 4936; x_wconf 48' lang='lat' dir='ltr'>mliii</span> <span class='ocrx_word' id='word_1_201' title='bbox 648 4746 881 4836; x_wconf 81' lang='lat' dir='ltr'>corrigenda,</span> <span class='ocrx_word' id='word_1_202' title='bbox 910 4771 1004 4840; x_wconf 82' lang='lat' dir='ltr'>quae</span> <span class='ocrx_word' id='word_1_203' title='bbox 1029 4752 1076 4820; x_wconf 88' lang='lat' dir='ltr'>ad</span> <span class='ocrx_word' id='word_1_204' title='bbox 1101 4750 1250 4822; x_wconf 79' lang='lat' dir='ltr'>Alosam</span> <span class='ocrx_word' id='word_1_205' title='bbox 1277 4750 1390 4823; x_wconf 82' lang='lat' dir='ltr'>refert</span> <span class='ocrx_word' id='word_1_206' title='bbox 1401 4743 1565 4828; x_wconf 76' lang='lat' dir='ltr'>(inclinus</span> <span class='ocrx_word' id='word_1_207' title='bbox 1590 4760 1628 4826; x_wconf 82' lang='lat' dir='ltr'>ln</span> <span class='ocrx_word' id='word_1_208' title='bbox 1651 4757 1792 4850; x_wconf 76' lang='lat' dir='ltr'>Syrten.</span> <span class='ocrx_word' id='word_1_209' title='bbox 1814 4760 2020 4865; x_wconf 62' lang='lat' dir='ltr'>nuum,</span> 
     </span>
     <span class='ocr_line' id='line_1_28' title="bbox 438 4867 798 4964; baseline 0.017 -30"><span class='ocrx_word' id='word_1_210' title='bbox 438 4867 513 4934; x_wconf 76' lang='lat' dir='ltr'>ool.</span> <span class='ocrx_word' id='word_1_211' title='bbox 603 4910 612 4931; x_wconf 91' lang='lat'>.</span> <span class='ocrx_word' id='word_1_212' title='bbox 637 4884 672 4956; x_wconf 78' lang='lat' dir='ltr'>p.</span> <span class='ocrx_word' id='word_1_213' title='bbox 698 4884 798 4964; x_wconf 77' lang='lat'><em>14⁰5·</em></span> 
     </span>
    </p>
   </div>
   <div class='ocr_carea' id='block_1_6' title="bbox 0 0 2206 5902">
    <p class='ocr_par' dir='ltr' id='par_1_10' title="bbox 0 0 2206 5902">
     <span class='ocr_line' id='line_1_29' title="bbox 0 0 2206 5902; baseline 0 0"><span class='ocrx_word' id='word_1_214' title='bbox 0 0 2206 5902; x_wconf 95' lang='lat' dir='ltr'> </span> 
     </span>
    </p>
   </div>
  </div>
 </body>
</html>
