4404 5902
382 382 411 470 8
1160 384 1310 440 Ε

379 593 487 687 licet
512 593 767 698 corvorum,
801 592 986 690 Gmuuu,
1012 588 1269 690 Ardeatum,
1325 580 1586 703 aliarumque
1621 582 1762 672 arium
1790 584 2079 702 aquaticarum

384 751 580 866 frequens
607 748 791 863 praeder
830 743 1035 848 interdiu,
1072 738 1258 828 maxime
1286 768 1387 824 vero
1416 735 1591 824 ineunte
1619 761 1745 824 nocte
1771 737 2078 834 clamosissima

378 923 424 989 et
465 931 489 986 e
530 896 762 1014 longinquo
804 900 971 984 turbam
1010 893 1151 1012 plebis
1198 890 1526 979 cachinnantem
1564 895 1767 996 referens,
1809 891 1855 977 in
1883 898 2003 984 vadis
2029 921 2077 988 et

378 1051 524 1141 littore
553 1052 729 1152 sedens;
758 1053 833 1138 sed
860 1053 1028 1137 turbata
1055 1044 1371 1164 promptissime
1398 1043 1445 1130 in
1473 1075 1598 1163 aquas
1626 1072 1671 1130 se
1701 1046 1950 1154 subducens,
1979 1079 2080 1138 cum

377 1200 551 1291 silentio
578 1203 754 1288 fundum
785 1201 888 1317 agili
914 1222 1061 1290 natatu
1088 1226 1132 1283 se
1166 1195 1452 1284 committens.
1524 1204 1691 1313 Hyeme
1719 1219 1878 1315 torpet,
1919 1201 1994 1287 sed
2019 1205 2081 1290 ad

376 1351 535 1472 primos
575 1352 686 1440 veris
726 1355 886 1441 calores
929 1349 1254 1470 expergiscitur,
1315 1379 1463 1434 serena
1488 1349 1674 1435 maxime
1700 1373 1952 1470 tempestate
1991 1355 2076 1441 cla·

376 1536 507 1593 mose.
582 1504 709 1592 Vitae
737 1536 822 1592 non
851 1507 1078 1592 admodum
1104 1525 1248 1588 tenax.
1320 1503 1392 1588 Ad
1424 1532 1586 1587 mensas
1614 1532 1764 1619 parum
1792 1504 1960 1620 sapida,
1994 1509 2083 1601 aed

376 1661 435 1747 ob
461 1656 803 1774 magnitudinem
826 1655 966 1743 Gallis
994 1651 1353 1770 batrachoplragis
1373 1656 1715 1741 commendanda
1732 1708 1798 1744 -.
1957 1759 1959 1763 .

516 1815 689 1900 Descr.
747 1818 822 1897 Est
850 1807 963 1894 inter
991 1807 1198 1894 maximas
1225 1805 1291 1892 sui
1319 1804 1513 1922 generis3
1537 1806 1688 1894 ⁴habitu
1716 1814 1862 1896 Ranae
1891 1812 2084 1915 esculen-

374 1985 460 2051 tae.
532 1968 669 2080 Capat
696 1961 968 2065 latissimum,
1012 1963 1278 2077 depressum,
1322 1990 1445 2074 supra
1468 1988 1736 2066 convexum,
1778 1986 1913 2051 rostro
1939 1988 2085 2052 rotun·

377 2119 493 2205 dato.
564 2120 773 2208 Maniliae
801 2112 1029 2229 superioris
1058 2140 1204 2224 margo
1232 2114 1393 2196 scaber.
1463 2113 1690 2229 Supercilia
1717 2113 1872 2231 gibba,
1926 2120 2084 2234 produ-

379 2272 523 2357 ctione
551 2266 687 2372 corii,
715 2264 906 2380 margine
934 2263 1157 2351 rectilineo
1184 2262 1420 2366 terminata,
1457 2262 1694 2370 immobili,
1741 2273 1832 2354 loco
1860 2272 2086 2386 palpebrae

376 2421 522 2506 oculos
562 2421 742 2536 desuper
765 2440 1027 2534 protegente.
1082 2417 1212 2506 lrides
1244 2429 1349 2501 'auro
1377 2446 1637 2532 conspersae,
1668 2417 1841 2535 nigraes
1885 2427 1966 2508 Pro
1995 2424 2087 2539 pal·

380 2573 512 2692 pebra
564 2567 768 2656 inferiore
818 2576 1202 2688 perioplatltalmium
1244 2569 1406 2672 laxum,
1479 2593 1616 2657 totum
1662 2573 1831 2659 oculum
1872 2573 2085 2690 operiens.

383 2725 609 2839 Tympana
642 2723 781 2841 plana,
810 2724 962 2811 laevia.
1029 2727 1070 2809 V
1066 2730 1241 2810 esiculae
1275 2721 1491 2839 paroticae
1525 2724 1638 2809 mole
1666 2725 1897 2840 juglandis,
1936 2728 2086 2842 globo·

381 2907 475 2982 sae,
505 2876 1091 2993 membranaceo-hyalinae.
1152 2879 1314 2995 Corpus
1341 2879 1490 2979 breve,
1520 2875 1676 2961 lumbis
1703 2877 1929 2991 angularis,
1967 2878 2085 2966 dorsi

379 3028 553 3146 papillis
581 3027 922 3134 obsoletissimis,
951 3029 1153 3121 lateribus
1178 3034 1462 3144 tubrugosum.
1520 3031 1703 3133 Dorsum
1742 3029 1938 3147 utrinque
1967 3031 2085 3148 plica

377 3179 590 3286 obsoleta,
633 3212 786 3286 crassa,
831 3180 1131 3297 longitudinali
1159 3215 1183 3266 a
1208 3182 1422 3298 tympanis
1451 3183 1504 3268 ad
1531 3184 1706 3268 femora.
1762 3187 1892 3269 Artus
1920 3184 2079 3300 postici

378 3330 635 3447 longissimi,
693 3334 820 3450 digiti
862 3365 1008 3421 omnes
1041 3333 1213 3435 marici,
1258 3333 1388 3450 apice
1424 3335 1684 3439 subclevati3
1739 3344 1904 3452 palmae
1941 3340 2076 3438 fissae,

379 3486 707 3600 tetradactylae,
750 3487 909 3604 pollice
935 3486 1193 3589 divaricat0,
1220 3486 1266 3572 in
1294 3485 1477 3572 maribus
1505 3485 1596 3573 basi
1624 3486 1878 3590 incrassatur
1923 3488 2083 3604 digito·

381 3666 475 3722 rum
516 3636 683 3723 medius
721 3638 910 3755 longior,
968 3642 1111 3726 subtus
1150 3637 1463 3744 biverrucosus,
1547 3639 1702 3757 reliqui
1738 3642 1899 3761 papilla
1938 3641 2082 3729 unica.

381 3789 557 3876 Plantae
585 3788 817 3896 maximae,
860 3791 1089 3908 palmatae,
1132 3792 1485 3911 pentadactylae;
1524 3800 1671 3909 pollen
1698 3795 1888 3898 brevior,
1916 3796 2083 3912 papilla

382 3935 431 4024 in
460 3941 628 4046 medio,
668 3965 716 4029 et
742 3952 851 4032 callo
880 3943 1024 4032 subtus
1051 3949 1105 4032 ad
1132 3915 1255 4034 basin
1283 3973 1461 4059 magno,
1498 3944 1712 4062 oblong03
1754 3946 1911 4062 digitus
1937 3949 2083 4065 proxi·

383 4122 497 4199 mus,
539 4117 587 4180 ut
614 4095 781 4212 pollen,
824 4095 1115 4183 biarticulatus
1143 4096 1457 4215 unipapillaris,
1500 4101 1706 4184 secundus
1732 4124 1985 4218 quartusque
2012 4099 2081 4187 bi·
2165 4083 2170 4092 ’

384 4245 632 4364 papillares,
661 4247 810 4334 tertius
838 4248 1125 4363 longissimus,
1156 4248 1452 4366 tripapillaris,
1480 4249 1889 4365 quadrianiculatus.
1953 4256 2082 4344 Color

385 4398 672 4511 Volgensibus
699 4423 747 4487 et
773 4401 962 4519 Caspicis
990 4405 1103 4518 (Fig.
1125 4409 1182 4515 a.)
1210 4423 1451 4489 constanter
1478 4401 1903 4512 olivaceecinereus,
1932 4409 2080 4495 subtus

388 4546 575 4656 albidus,
632 4551 761 4667 striga
801 4553 957 4670 apinali
1000 4556 1257 4660 virescente,
1313 4552 1490 4639 maculis
1531 4555 1665 4643 medii
1692 4556 1807 4644 dorsi
1834 4558 2081 4671 majoribus,

389 4702 664 4813 subalternis,
720 4739 863 4794 versus
891 4708 1023 4794 latera
1051 4708 1191 4825 parvis
1220 4704 1377 4809 fuscis3
1420 4730 1531 4794 artus
1557 4733 1790 4798 transverse
1820 4709 2082 4802 subfasciati.

386 4855 577 4949 Tauricis
596 4861 759 4952 colores
777 4863 1010 4950 admodum
1030 4858 1269 4959 variabiles,
1299 4857 1562 4979 pulchriores
1590 4866 1700 4980 (th.
1720 4872 1797 4980 a),
1824 4865 2082 4984 quibusdam
