4404 5902
267 411 363 514 400
754 500 757 505 ,
1050 432 1197 486 ==

413 680 529 790 114.
585 660 865 756 SALMO
910 646 1128 758 Polcnr.
1181 662 1313 755 TAB.
1352 661 1614 759 LXXXIV.
1644 662 1728 787 fig.
1774 699 1821 764 1.

405 910 448 1027 ἐ.
478 943 715 1054 Coregonus
739 965 873 1028 rostro
901 942 1050 1026 obtuso
1079 967 1301 1041 convexo,
1348 940 1487 1025 fronte
1516 963 1613 1029 ante
1642 943 1790 1030 oculos
1820 943 1969 1058 gibba,

265 1089 394 1206 pinna
426 1093 496 1180 ani
531 1106 577 1178 16
606 1092 796 1195 radiata,
827 1092 1106 1210 appendicula
1136 1089 1389 1178 ventralium
1417 1093 1672 1181 abbreviata.

486 1244 628 1333 Salmo
656 1244 895 1361 Pydshjan,
925 1248 1032 1334 Poll.
1062 1256 1150 1332 itin.
1179 1249 1256 1333 Ill·
1286 1247 1462 1362 append.
1491 1279 1532 1364 p.
1563 1264 1657 1362 705.
1689 1280 1731 1335 n.
1761 1261 1803 1338 3.
1834 1250 1969 1338 Gmel.

545 1421 653 1512 syst.
681 1401 758 1484 ΙΙΙ.
788 1432 824 1514 p.
863 1412 979 1509 1377.
1008 1431 1069 1514 sp.
1096 1415 1167 1507 59.

373 1549 515 1636 Rossis
546 1552 599 1635 ad
627 1542 770 1637 Obum
797 1550 971 1638 nomine
1001 1553 1263 1638 Ostiacorum
1288 1574 1334 1636 et
1362 1553 1624 1665 Vogulorum
1652 1555 1891 1674 Pydsltjan.

372 1703 557 1790 Ostiacis
584 1705 781 1820 Ptdshjan
806 1725 851 1789 et
878 1708 1067 1791 Porchul.
1130 1702 1362 1817 Samojedis
1391 1706 1552 1792 Polcnr.

401 1854 533 1941 Piscis
563 1855 637 1943 hic
667 1889 691 1944 e
720 1857 825 1944 mari
856 1857 1026 1972 glaciali
1054 1859 1195 1944 Obum
1224 1856 1398 1942 fluvium
1431 1889 1516 1944 non
1545 1854 1680 1945 multo
1707 1860 1823 1947 ultra
1843 1868 1966 1950 Bere·

263 2037 409 2093 sovam
439 2008 658 2099 adscendit
686 2034 731 2096 et
765 2045 788 2096 a
824 2011 1203 2127 praecedentibus,
1250 2010 1499 2124 quibuscum
1532 2010 1871 2100 similitudinem
1904 2016 1965 2102 in·

263 2158 429 2273 signem
455 2158 613 2267 habet,
655 2142 889 2279 separatim¹
909 2163 1087 2278 capitur.
1152 2165 1378 2248 Oculorum
1405 2162 1537 2249 etiam
1562 2165 1680 2251 fulvo
1706 2168 1863 2255 colore
1889 2203 1963 2289 pa·

263 2312 433 2400 culiaris
463 2336 528 2399 est
556 2338 601 2399 et
628 2317 752 2403 odore
780 2319 963 2402 recentis
997 2317 1210 2433 Eperlano
1238 2314 1395 2421 simili,
1433 2340 1481 2404 ut
1509 2317 1782 2434 quantumvis
1814 2354 1963 2440 magna

260 2463 317 2550 sit
344 2496 441 2554 cunt
473 2467 745 2561 antecedenti
773 2468 1035 2573 similitudo,
1081 2491 1224 2561 tanen
1252 2496 1329 2583 pro
1356 2472 1546 2583 ejusdem
1575 2469 1783 2559 1111111111
1813 2472 1962 2565 haberi

186 2711 190 2719 ,
262 2644 459 2734 nequeat.
1703 2728 1711 2740 Ι

399 2777 603 2863 Descr.
671 2779 918 2890 Magnitudo
958 2774 1284 2893 bispitlmmalis.
1356 2779 1494 2891 Caput
1532 2778 1689 2884 breve,
1748 2809 1965 2889 crassum,

260 2921 445 3039 pingue,
489 2959 665 3043 corpore
706 2961 792 3017 non
833 2930 1121 3045 compressius.
1192 2932 1384 3018 Rostrum
1423 2933 1645 3034 obtusum,
1685 2961 1964 3039 convexum,

261 3086 439 3164 maxilla
467 3093 672 3196 superiore
709 3083 930 3198 longiore;
973 3085 1085 3168 frons
1127 3107 1226 3170 anre
1268 3082 1412 3168 oculos
1455 3112 1670 3169 convexo·
1694 3086 1849 3200 gibba.
1908 3089 1967 3176 01

259 3260 461 3344 parvum,
500 3236 627 3351 plane
669 3237 941 3351 edentulum,
983 3235 1310 3350 cyprinaceum,
1358 3243 1514 3324 lomina
1557 3257 1779 3348 mystacen
1825 3240 1967 3341 breti,

261 3384 460 3474 scabritie
490 3387 667 3477 omnino
692 3362 823 3474 ¹nulla.
882 3391 1011 3476 ln'des
1039 3392 1441 3500 flavo-argenteae,
1483 3394 1643 3504 pupilla
1672 3390 1870 3479 anterius
1898 3397 1968 3481 ob·

264 3560 357 3621 tuse
401 3539 579 3627 sinuata.
636 3544 769 3629 Nares
812 3542 1040 3626 anteriores
1081 3541 1229 3625 tubulo
1271 3541 1391 3625 brevi
1431 3540 1712 3656 prominulae.
1775 3546 1966 3633 flabello

263 3688 518 3776 branchium
546 3696 925 3779 decemlamellata.
985 3699 1143 3807 Corpus
1170 3723 1370 3795 crassum,
1404 3693 1718 3796 lanceolarum,
1751 3726 1966 3817 compres-

262 3871 378 3938 sum,
421 3845 546 3934 dorso
575 3880 597 3931 1
626 3847 764 3961 capite
802 3849 1109 3949 adscendente,
1155 3846 1294 3930 minus
1331 3867 1503 3949 tamen,
1547 3875 1673 3959 quam
1712 3845 1761 3932 in
1795 3881 1967 3966 praece·

262 3999 415 4098 dente,
445 4025 489 4085 et
518 4032 726 4086 convexa.
786 4004 933 4086 Venter
966 3999 1097 4112 magis
1126 3999 1299 4111 gibbus,
1331 4029 1456 4112 quam
1487 3999 1679 4103 dorsum,
1711 4004 1969 4117 praesertim

261 4185 401 4238 versus
430 4130 603 4270 pinnam
633 4156 703 4240 ani
729 4159 956 4272 productus
986 4152 1032 4236 in
1061 4152 1247 4236 carinam
1276 4179 1584 4266 compressam,
1625 4153 1699 4236 cui
1739 4152 1883 4268 pinna
1908 4156 1969 4242 in·

261 4306 385 4390 sidet.
443 4311 647 4424 Sqnnmne
677 4310 953 4421 majusculac3
983 4314 1090 4393 linea
1119 4312 1305 4394 lateralis
1333 4301 1586 4407 rectissima,
1618 4305 1748 4390 dorso
1777 4308 1966 4425 propior.

261 4465 385 4546 Color
414 4459 1007 4574 cinerescente·argentatus,
1053 4458 1098 4542 in
1135 4462 1258 4543 dorso
1295 4460 1446 4547 fuscus.
1503 4457 1656 4542 Pinnae
1686 4459 1968 4573 nigricantes,

262 4620 486 4726 pectorales
515 4617 603 4698 rad.
641 4634 701 4719 14.
730 4622 929 4700 nentroles
956 4615 1042 4706 rad,
1076 4628 1139 4705 11.
1170 4613 1307 4727 primo
1330 4607 1654 4724 subgeminato3
1696 4617 1967 4730 Appendices

261 4797 448 4858 crassae,
476 4770 652 4869 breves,
682 4767 939 4880 triquetrae!
998 4769 1043 4851 P.
1075 4776 1143 4849 oni
1173 4797 1268 4850 cum
1299 4761 1559 4850 adminiculo
1589 4792 1733 4849 crasso
1762 4768 1963 4854 breviora

255 4921 345 5005 rud.
384 4935 441 5004 113.
473 4921 649 5011 dorsalis
678 4922 764 5007 rad.
803 4933 862 5007 23.
896 4952 1071 5042 quorum
1103 4919 1262 5041 priores
1293 4915 1533 5039 simplices,
1576 4913 1740 5035 rigidi3
1787 4923 1964 5039 adipate
