4404 5902
1017 284 1159 345 ==
1843 216 1930 367 'rig

349 499 498 588 Agonus
525 516 588 564 sen
612 493 856 588 Phalangistes
883 495 1083 578 maximus,
1110 512 1261 585 corpore
1287 488 1476 576 notatim,
1501 489 1612 559 scutis
1637 488 1803 560 laevibus
1829 494 1933 581 spina

252 617 383 686 obtusa
412 614 622 707 prominulis
648 612 899 702 cataphracto,
931 612 1208 701 cotyledonibus
1234 615 1279 681 ad
1304 612 1534 679 membranae
1554 610 1853 703 branchiostegae
1878 617 1930 680 in·

248 739 446 806 tervalium
472 736 691 825 jugularibus
717 736 916 817 distincto,
972 737 1093 820 capite
1119 720 1296 822 depresso
1331 731 1622 823 superciliaribus
1652 732 1794 801 laminis
1819 739 1930 803 osseis

250 858 455 926 subconicis
480 855 604 925 oculos
630 859 798 950 utrinque
823 853 1077 940 obtegentibus
1105 857 1294 923 instructo.

434 1035 438 1041 .
557 980 596 1043 Β.
625 975 661 1044 6.
689 991 782 1062 pect.
816 991 870 1038 ra.
899 977 943 1042 Ι).
967 993 999 1042 a.
1027 972 1062 1042 6.
1091 998 1127 1064 p.
1154 997 1189 1070 7.
1217 982 1264 1045 V.
1293 994 1329 1043 a.
1356 977 1398 1041 A.
1426 971 1460 1044 8.
1488 972 1527 1042 C.
1562 970 1617 1044 ιδ.

247 1102 385 1167 Piscem
412 1119 525 1191 prope
550 1097 701 1164 insulam
727 1091 893 1160 Sachaliea
919 1097 1014 1161 circa
1039 1099 1236 1182 patientiae
1263 1101 1379 1162 sinum
1406 1092 1441 1162 d.
1468 1092 1517 1163 30
1543 1094 1630 1161 Julii
1660 1092 1753 1166 1805
1779 1101 1930 1185 captura

249 1227 398 1308 propter
425 1216 627 1306 apophyses
667 1235 787 1281 osseas
824 1213 1075 1301 supraciliares
1116 1220 1260 1283 conicas
1299 1221 1482 1282 tectarum
1522 1216 1636 1282 instar
1667 1215 1794 1284 oculos
1823 1217 1928 1283 obte-

249 1345 372 1425 gentes
400 1334 734 1424 stegophthalmuzn
761 1334 945 1424 appellari
971 1334 1199 1423 eundemque
1227 1334 1296 1404 loc.
1324 1338 1385 1402 cit.
1411 1328 1607 1422 descripsi,
1634 1335 1773 1423 quade
1800 1358 1838 1405 re
1871 1335 1931 1403 ul·

249 1459 419 1523 teriorem
446 1456 726 1545 descriptionem
752 1454 811 1523 hic
837 1458 1010 1522 reiterare
1038 1475 1345 1543 supervacaneum
1373 1455 1498 1540 duco,
1549 1453 1614 1521 sed
1639 1459 1806 1540 iconem,
1834 1478 1929 1545 quae

251 1544 320 1643 locs
342 1582 407 1644 cit.
433 1576 528 1644 male
553 1576 705 1645 reducta
730 1574 890 1644 etmale
916 1595 1088 1664 expressa
1113 1576 1333 1662 est,‹denu0
1359 1597 1427 1664 pro
1453 1580 1725 1666 comparatione
1750 1576 1928 1662 adjicien·

255 1694 329 1760 (lam
355 1717 434 1762 esse
461 1717 601 1766 censeo.
666 1695 793 1784 Quoad
826 1701 1045 1763 structuram
1083 1699 1190 1784 piscis
1222 1704 1346 1762 noster
1373 1698 1518 1762 omnino
1544 1695 1687 1785 quidem
1716 1715 1798 1762 cum
1826 1697 1928 1768 Carta

259 1807 405 1904 inportu
432 1816 593 1882 Pallassii
619 1820 655 1881 in
682 1798 876 1904 spicilegiis
908 1814 1109 1901 Zoologicis
1142 1815 1325 1903 descripto
1351 1817 1523 1882 convenit
1549 1816 1612 1880 sed
1637 1813 1765 1883 habitu
1791 1815 1928 1904 differt,

267 1941 406 2003 crassior
431 1943 488 2004 est
514 1942 551 2003 et
577 1937 786 2018 robustior,
815 1956 887 2002 non
914 1939 966 2002 ita
991 1934 1160 2022 gracilis,
1188 1941 1299 2001 scutis
1325 1910 1545 2001 laevioribus
1572 1933 1707 2002 aculeis
1733 1935 1931 2004 obtusiori-

267 2050 379 2124 buret
403 2060 522 2146 pinnis
548 2056 807 2125 robustissimis
834 2073 901 2121 nec
928 2076 1000 2121 non
1037 2054 1313 2144 cotyledonibus
1351 2053 1414 2121 vel
1451 2052 1598 2143 papillis
1623 2058 1659 2121 in
1682 2055 1806 2148 jugulo
1831 2061 1930 2127 inter

272 2175 489 2243 membranam
515 2175 826 2265 branchiostegam
855 2178 1020 2270 utrinque
1048 2181 1204 2262 quatuor
1230 2174 1435 2244 distinctus.
1500 2172 1605 2241 Oculi
1631 2174 1790 2255 eusdem
1817 2197 1928 2266 supra

280 2295 389 2366 obiecti
416 2299 585 2367 deorsum
610 2317 735 2364 versus
760 2296 889 2362 directi
916 2301 998 2362 sunt
1024 2313 1060 2361 et
1086 2301 1281 2383 propterea
1313 2299 1448 2382 piscem
1473 2297 1583 2359 maris
1609 2293 1757 2362 fundum
1783 2303 1927 2364 tantum

278 2415 493 2500 inspicientem
518 2438 586 2484 nec
613 2437 753 2482 sursum
779 2422 1006 2503 spectantem
1032 2414 1204 2483 indicant.
1267 2419 1401 2482 Forsan
1433 2417 1471 2480 in
1505 2418 1614 2481 maris
1644 2422 1788 2485 tanturn
1812 2413 1925 2487 fundu

279 2537 373 2603 virens
397 2546 434 2606 et
459 2541 552 2606 inter
576 2540 731 2604 rariores
757 2522 1011 2603 numerandus.

780 2652 1092 2670 m

456 2751 537 2864 89.
587 2743 1243 2841 PHALANGISTES
1290 2746 1713 2864 cataphractus,

380 2886 456 2971 Ph.
483 2887 622 3004 capite
649 2890 792 2972 subtus
829 2884 1039 2996 cirrhoso‚
1069 2919 1143 2973 ore
1171 2888 1327 2994 infera,
1370 2917 1542 3003 corpore
1571 2891 1770 2974 octaedro
1799 2908 1927 3008 angu-

280 3024 319 3112 lis
339 3039 544 3140 aculeatis,
593 3038 707 3124 linea
735 3036 900 3162 laterali
927 3038 1103 3153 integra.

461 3193 610 3278 Cottas
638 3187 948 3306 cataphractus,
980 3204 982 3208 “
1012 3190 1232 3302 Willaghb.
1262 3194 1384 3275 achra.
1412 3221 1452 3304 p.
1480 3222 1572 3272 aro.
1603 3191 1687 3274 tub.
1716 3193 1761 3273 N
1780 3205 1817 3278 6.
1834 3191 1921 3306 fig.

516 3356 610 3427 o.3.
636 3344 728 3461 Raj.
757 3373 851 3454 syn.
881 3350 983 3456 pire.
1012 3374 1053 3456 p.
1073 3375 1140 3447 71.
1172 3345 1261 3424 Lin.
1289 3358 1394 3450 syci.
1423 3341 1569 3423 xiil.
1597 3375 1638 3455 p.
1661 3374 1775 3448 1207.
1803 3375 1863 3454 sp.
1885 3379 1920 3430 r.
2001 3351 2006 3360 '

460 3493 607 3609 Cottas
647 3521 821 3608 corpore
864 3490 1097 3606 octogono,
1151 3495 1241 3574 Lin.
1284 3494 1392 3575 Mus.
1427 3491 1511 3574 Ad.
1548 3492 1683 3576 Fried.
1709 3493 1741 3576 l.
1779 3525 1821 3608 p.
1851 3498 1922 3607 70.

449 3725 452 3729 .
513 3648 656 3730 Bloch.
685 3653 788 3761 pisc.
811 3675 942 3756 germ.
970 3647 1026 3727 II.
1057 3677 1098 3757 p.
1134 3653 1195 3728 ιδ.
1222 3643 1307 3726 tab.
1340 3654 1406 3729 38.
1426 3645 1511 3754 fig.
1539 3656 1579 3728 3.
1606 3660 1647 3749 4.

457 3802 623 3910 Pogge,
661 3796 784 3880 Penn.
811 3796 929 3879 Zool.
958 3799 1062 3889 Brit.
1091 3801 1110 3907 (
1137 3803 1187 3901 t⁰)
1214 3799 1290 3877 Ill.
1320 3826 1360 3908 p.
1397 3829 1485 3900 191.
1518 3825 1557 3876 n.
1587 3829 1651 3899 99.
1682 3795 1766 3882 tab.
1798 3812 1864 3904 39.

436 3946 494 4033 sis
535 3949 588 4031 ad
630 3943 817 4029 borealia
859 3944 983 4030 maris
1024 3946 1168 4033 littora
1207 3949 1385 4032 Lissitzu
1412 3942 1442 4027 i.
1468 3928 1511 4026 e.
1540 3944 1777 4058 Vulpecula
1789 4004 1803 4043 ,
1842 3935 1918 4053 (ob

403 4099 562 4184 caudae
588 4093 933 4211 longitudinem).

377 4254 426 4336 ln
454 4248 561 4334 mari
588 4252 718 4333 boreo
745 4269 788 4331 et
817 4248 914 4334 albo
927 4311 951 4352 r.
997 4277 1130 4363 aeque
1171 4281 1218 4335 ac
1258 4244 1549 4374 inAtlantico
1574 4240 1703 4351 vivit,
1759 4276 1844 4357 non
1868 4244 1920 4359 „in

277 4401 487 4486 tenuiore
515 4407 670 4501 Ponto,
724 4429 803 4483 nec
844 4398 890 4484 in
931 4403 1103 4486 Oceano
1143 4400 1354 4486 orientali.
1421 4397 1684 4482 Affinitatem
1725 4392 1918 4511 magnoni

273 4554 471 4639 ⁸tracturae
498 4583 596 4641 cum
622 4553 696 4638 Pa.
724 4559 999 4667 acipenserino
1037 4553 1237 4668 praefert,
1294 4554 1370 4638 sed
1398 4547 1560 4640 ,habitu
1587 4569 1631 4634 et
1656 4547 1766 4653 facie
1794 4550 1918 4661 valde

271 4680 401 4791 disere
1903 4685 1907 4694 ¹

1432 4863 1479 4938 ιδ
