4404 5902
352 399 449 487 'soz
1127 415 1273 471 e==

487 627 537 705 In
569 619 744 707 Oceano
786 612 983 703 orientali
1024 613 1137 700 inter
1177 608 1523 702 Camtschatcanr
1561 637 1612 699 et
1649 616 1894 703 Americsm
1935 642 1987 704 et
2013 620 2066 705 in

349 774 458 861 mari
485 778 617 859 boreo
644 770 910 886 Lapponiam
938 769 1137 852 adluente
1166 766 1304 853 hamis
1336 764 1525 881 capitu-r:
1579 771 1836 856 &enetos
1861 775 2066 857 observa

344 929 395 1015 in
424 926 622 1013 orientali
646 926 814 1010 radium
841 922 997 1039 pinnae
1029 921 1100 1005 ani
1125 952 1214 1007 non
1238 949 1333 1004 esse
1362 917 1591 1035 spinosum.

786 1183 901 1285 142.
967 1162 1011 1252 G
1032 1163 1073 1254 A
1094 1165 1248 1257 DUS
1304 1166 1608 1256 Callorios.

485 1390 539 1470 G.
568 1381 791 1501 tripinnis‚
835 1377 970 1463 cauda
1008 1375 1193 1490 integ-ra,
1235 1374 1382 1463 cirrho
1422 1375 1576 1482 unico,
1618 1375 1795 1466 maxilla
1833 1375 2061 1494 superiore

345 1537 562 1656 longiore,
593 1565 768 1652 corpore
799 1531 1022 1621 maculato.

564 1690 756 1778 Assellus
785 1685 941 1786 varius,
980 1682 1202 1795 Willuglzb.
1228 1687 1356 1767 rcbth.
1381 1716 1427 1798 p.
1465 1683 1746 1796 172.tob.L.
1766 1692 1853 1798 fig.
1893 1719 1930 1770 ι.
1962 1686 2064 1807 llaj.

623 1874 715 1954 syn.
747 1849 847 1953 pise.
878 1872 916 1953 p.
943 1851 1015 1940 54..
1045 1870 1083 1919 n.
1116 1850 1155 1922 5.

558 1997 705 2081 Gadus
732 1990 967 2093 Callarias,
1022 1993 1111 2073 Lin.
1150 2009 1256 2106 εχει.
1301 1990 1398 2072 Xll.
1434 1990 1468 2074 1.
1502 2023 1546 2104 p.
1576 2002 1671 2094 436.
1700 2020 1761 2103 sp.
1794 2022 1833 2073 α.
1896 1991 2064 2077 Ascua.

621 2153 733 2232 loon.
763 2148 796 2229 Ι.
827 2177 867 2259 ρ.
901 2178 965 2249 29.
996 2143 1082 2226 tob.
1113 2159 1152 2245 4.

565 2304 712 2386 Gados
741 2297 854 2381 linea
881 2294 1050 2377 laterali
1076 2295 1164 2377 lata
1194 2324 1323 2378 aenea
1352 2297 1583 2394 maculata,
1612 2298 1757 2381 Bloch.
1786 2303 1892 2411 pise.
1918 2326 2063 2408 gem

626 2456 681 2536 ll.
712 2484 752 2566 p.
788 2469 874 2554 142.
904 2451 989 2532 tab.
1021 2462 1088 2533 63.

458 2607 594 2695 Lettis
621 2609 769 2690 Menzo
797 2602 869 2685 vel
896 2604 1061 2684 Durslra
1074 2637 1088 2695 ;
1129 2597 1329 2684 Esthonis
1362 2602 1506 2688 Tursls.
1638 2644 1643 2649 ·

487 2770 539 2846 In
568 2757 674 2844 mari
699 2753 913 2853 balthico,
950 2754 1009 2836 ad
1039 2753 1273 2852 Coroniae,
1314 2754 1519 2841 Li-voniae
1559 2778 1608 2841 et
1643 2749 1878 2840 Esthoniae
1908 2755 2064 2845 huon

347 2917 514 3034 eapitur
541 2909 720 3033 parcius.

602 3165 716 3276 143.
781 3138 1072 3245 GADUS
1136 3148 1401 3241 ll'aclzno.
1447 3152 1581 3242 TAB.
1630 3149 1796 3241 XLIV.

485 3375 537 3457 G.
571 3366 770 3484 tripinnis
810 3363 1018 3453 cirrhatus
1058 3365 1308 3466 flavescens,
1366 3364 1543 3449 maxilla
1585 3361 1799 3479 superiore
1841 3362 2061 3478 longiore,

348 3529 481 3615 cauda
511 3521 691 3638 aequali.

459 3675 602 3762 Rossis
632 3676 683 3758 arl
713 3675 931 3758 Oceanum
957 3669 1212 3756 orientalem
1249 3670 1460 3786 Woclmjo.

467 3824 803 3917 Camtschadalis
836 3827 1010 3909 Ulzclsal.
1068 3819 1264 3907 Coraecis
1298 3824 1469 3939 Ujaclzm

459 3977 782 4096 Japoniensibus
814 3978 939 4059 Tora.

488 4143 536 4218 ln
570 4129 676 4216 mori
710 4129 822 4214 circa
853 4127 1194 4214 Camtschatcam
1232 4151 1275 4212 et
1312 4159 1454 4214 versus
1483 4130 1723 4216 Americam
1760 4132 2059 4248 frequentissi-

349 4321 440 4379 mus
467 4287 616 4404 piscis,
660 4281 734 4398 qui
764 4281 893 4366 etiam
920 4280 1093 4380 llurios,
1131 4283 1234 4366 licet
1274 4314 1357 4367 non
1399 4284 1484 4368 alte
1513 4285 1733 4369 adscendit
1759 4284 1907 4399 primo
1939 4317 2056 4373 verer

346 4442 576 4560 Eperlanos
605 4438 827 4539 insectans,
857 4435 1008 4548 quibus
1036 4435 1237 4551 pascitur;
1266 4434 1311 4518 in
1341 4435 1441 4521 Sino
1462 4436 1702 4523 Avatschae
1731 4437 1897 4552 pariter
1928 4447 2050 4549 Msjo

348 4595 519 4709 copiose
548 4587 744 4690 advenit,
789 4587 942 4701 migrat
981 4591 1081 4671 indo
1121 4593 1332 4701 Augusto,
1373 4591 1485 4675 redit
1515 4593 1597 4674 fine
1625 4591 1895 4676 Sebtembris
1925 4617 1972 4677 et
2003 4594 2057 4677 od

347 4745 597 4831 Decembris
638 4769 768 4856 usque
816 4743 941 4825 finem
986 4764 1181 4825 moratur.
1254 4741 1376 4826 Sinus
1423 4774 1471 4828 oe
1507 4774 1690 4828 recessus
1729 4743 1861 4827 moris
1892 4704 2057 4863 uirique

321 4900 596 5014 lrequentat.
653 4897 880 4984 Stellero
909 4897 1180 5002 observante,
1221 4895 1435 4983 foeminae
1464 4898 1594 5013 duplo
1621 4898 1764 5013 plures
1794 4900 1976 5005 dantur,
2006 4927 2056 4984 ss
