4404 5902
1052 308 1207 396 Ἐ
1827 278 1832 287 ’
1880 336 1978 423 ιιι

275 536 395 626 lusco
421 526 652 636 maculata,
680 531 812 650 spinis
842 506 1105 643 anterius'rt‘.
1133 512 1334 626 laciniola
1358 513 1480 624 ¹lusca
1508 521 1561 622 ad
1590 526 1756 654 apicem
1787 534 1978 655 stipatis,-¹

274 688 406 774 radiis
436 722 475 797 9¹.
494 680 779 775 (11(1ιοιοιιιίι.ἱ
832 686 880 771 P.
912 697 982 815 cni
1009 690 1174 774 dorsale
1202 688 1363 791 latior,
1395 689 1527 807 spinis
1558 705 1598 780 3.
1639 684 1818 780 robustis
1853 714 1899 780 et
1926 706 1968 782 8.

275 830 404 926 radiis
432 832 518 928 non
548 828 665 926 fissis.
724 832 871 927 canus
897 835 1120 925 rotundatu
1134 877 1161 951 ,¹
1184 816 1241 929 1³0*¹
1260 843 1486 930 radiorum.

439 1136 551 1228 191.
594 1107 915 1199 LABRUS
957 1112 1129 1201 simus.
1175 1111 1306 1200 TAB.
1346 1111 1445 1203 LX.
1476 1108 1560 1230 fig.
1602 1137 1648 1204 a.
1686 1113 1726 1204 b.
1766 1143 1805 1205 c.

410 1278 458 1386 L'.
500 1322 649 1407 gryseo
666 1342 681 1358 ·
698 1282 889 1399 albidus,
938 1266 1067 1381 fascia
1108 1290 1217 1382 ante
1246 1272 1417 1402 oculos,
1458 1276 1694 1412 lillriisriue'
1720 1295 1965 1388 sandalibus

271 1447 469 1561 utrinque
497 1446 609 1529 binis
636 1444 791 1558 nigris,
821 1445 962 1560 pinnis
990 1445 1158 1531 striatis.

411 1576 579 1682 Ε81ιιιι
602 1593 904 1682 Theodosiano
930 1597 1111 1682 Tauriae
1138 1597 1269 1682 rarius
1298 1601 1352 1685 ad
1379 1629 1450 1686 me
1482 1580 1645 1686 missus.

409 1754 584 1836 Descr.
613 1747 897 1848 Dodrantolis,
916 1751 1388 1890 oblongolauceolatus,
1407 1738 1745 1897 cathetoplateus
1760 1757 1911 1869 (Frg.c
1888 1765 1960 1870 a),

270 1878 396 1996 dorso
425 1886 568 2015 argute
596 1896 808 2003 carinato,
852 1894 1219 2013 macrolepidotus.
1278 1897 1416 2018 Caput
1444 1886 1731 2017 squamatum,
1772 1907 1961 1993 maxillis

268 2062 548 2176 productum,
589 2071 636 2135 ut
670 2042 758 2135 fere
791 2051 962 2173 tertiam
996 2075 1158 2168 partem
1194 2053 1324 2138 totius
1356 2052 1638 2166 longitudinis
1675 2078 1840 2170 aequet.
1898 2050 1967 2147 Os'

269 2202 481 2345 emissilc,
509 2202 686 2303 simum,
700 2164 840 2288 lobio
868 2201 1080 2316 superiore
1106 2202 1281 2288 interius
1310 2204 1539 2290 subtiliter
1535 2190 1737 2312 sulcato,
1772 2208 1961 2296 dentibus

267 2336 413 2466 acutis,
443 2359 489 2443 in
518 2354 639 2472 apice
666 2354 934 2439 maxillarum
960 2353 1257 2460 intervallatis,
1289 2358 1476 2442 duobus
1486 2343 1716 2443 medriam
1745 2360 1963 2474 superiore

265 2512 443 2602 maxilla
471 2510 598 2625 paulo
627 2505 866 2618 majoribus.
904 2510 1046 2597 Oculi
1074 2510 1126 2593 ab
1154 2537 1227 2592 ore
1258 2505 1573 2608 remotiusculi,
1614 2507 1793 2594 indibus
1821 2510 1957 2596 fulvo-

264 2663 407 2750 luteis.
464 2660 670 2773 Opercnla
697 2656 854 2742 lamina
881 2658 1120 2745 suboculari
1148 2660 1200 2744 ad
1229 2660 1426 2774 angulum
1456 2656 1736 2767 denticulata,
1783 2691 1856 2746 ora
1883 2689 1957 2749 cu·

264 2824 383 2901 taces
412 2815 559 2898 obtuse
588 2810 817 2941 angulata,
839 2812 1018 2917 flabella
1044 2842 1199 2928 parva,
1228 2790 1565 2925 quadriradiata,
1608 2812 1776 2898 detecta
1805 2834 1850 2897 et
1876 2815 1955 2900 sub

261 2965 425 3053 isthmo
453 2963 585 3107 gulae
602 2962 718 3078 pelle
747 2962 841 3048 alba
871 2946 1155 3048 cohaerentia.
1213 2964 1393 3048 Dorsum
1421 2994 1446 3046 a
1473 2930 1782 3049 nuchncarina
1811 2986 1955 3078 arguta

264 3118 474 3234 gibboso·
489 3138 727 3217 arcuatum,
772 3096 979 3200 abdomen
1008 3113 1187 3216 rectius,
1228 3114 1491 3253 conversura,
1527 3115 1669 3200 cauda
1673 3114 1812 3245 'ualde
1840 3142 1956 3199 com·

262 3298 419 3388 pressa.
474 3268 624 3352 Sutura
658 3246 842 3350 lateralis
883 3268 1022 3351 dorso
1040 3246 1243 3382 parallela
1278 3272 1322 3348 e't
1355 3261 1594 3383 propinqua
1604 3323 1621 3364 ,
1641 3238 1824 3380 paelice
1852 3292 1951 3351 cum

262 3414 388 3507 dorso
418 3441 594 3503 arcuata.
652 3417 777 3501 Color
806 3414 871 3522 (in
900 3415 1059 3532 Spiritu
1089 3413 1341 3528 assertatis)
1357 3442 1518 3530 gryseo·
1507 3388 1739 3529 putida„
1769 3416 1824 3502 ad
1851 3442 1964 3515 ven·-

260 3593 371 3659 trem
400 3570 526 3656 albo·
538 3567 717 3666 lucidus,
743 3566 942 3654 lateribus
971 3570 1087 3654 fusco
1115 3567 1356 3697 nebulosus,
1393 3596 1515 3681 supra
1511 3548 1700 3650 lineam
1728 3566 1949 3652 lateralem

258 3722 347 3811 lare
376 3723 540 3818 fuscus,·
530 3724 685 3830 ·'frons
712 3739 809 3803 ante
837 3720 1006 3819 oculos,
1026 3717 1176 3847 fascio
1202 3688 1374 3832 obliqua
1401 3718 1454 3802 ab
1484 3716 1620 3803 oculis
1646 3704 1700 3801 ad
1725 3719 1948 3804 maxillam

257 3898 302 3965 et
328 3875 386 3962 ad
412 3866 586 3989 pinnam
615 3873 773 3956 caudae
799 3870 997 3985 utrinque
1024 3879 1238 3958 limacea
1282 3867 1453 3981 nigrae,
1505 3866 1721 3951 distantes.
1792 3870 1947 3953 Pinnae

255 4024 494 4150 pectorales
519 4022 797 4136 majusculae,
826 4023 1106 4126 semiovatae,
1135 4021 1454 4123 immaculatae,
1482 4000 1694 4159 pallidae,
1724 4018 1856 4104 radiis
1881 4018 1944 4106 ιδ.

254 4182 458 4271 munies
481 4177 557 4259 sub
587 4173 682 4258 alvo
710 4173 802 4259 basi
830 4164 1055 4280 fraenatos,
1081 4171 1346 4260 radiorumo.
1377 4200 1554 4286 quorum
1580 4170 1739 4286 primus
1758 4166 1946 4258 dimidio

253 4328 439 4473 brevior,
469 4323 719 4463 spinescens
769 4320 995 4443 Sqnomnla
1020 4356 1162 4442 parva,
1180 4323 1456 4438 triangularis
1483 4323 1536 4407 ad
1563 4320 1715 4463 pinnas
1742 4320 1944 4423 exterius,

251 4506 296 4571 et
309 4472 444 4615 inter
468 4475 618 4593 pinnas
647 4479 790 4562 subtus
818 4478 1014 4593 oblonga,
1041 4476 1264 4563 imbricata
1295 4470 1487 4589 (113111
1542 4475 1590 4559 P.
1612 4474 1723 4559 dorsi
1750 4469 1942 4576 humilia,

250 4606 447 4721 constans
474 4636 602 4745 spinis
636 4642 703 4734 14.¹
724 4658 896 4744 quarum
926 4632 1062 4745 prima
1092 4600 1288 4725 brevior,
1316 4648 1361 4710 et
1388 4654 1534 4711 omnes
1562 4625 1616 4708 ad
1644 4608 1810 4737 apicem
1839 4619 1943 4710 laci·

247 4782 369 4877 uiola
395 4781 624 4898 sanguinea
651 4800 818 4891 austae,
845 4802 890 4870 et
916 4780 1043 4871 radiis
1063 4770 1331 4873 dichotonis
1365 4804 1427 4867 to.
1454 4775 1632 4895 postica
1644 4770 1942 4894 prolixionet
