4404 5902
416 381 476 470 26
1186 406 1335 461 a

410 603 527 721 degit
537 605 728 692 imitatur
738 627 785 693 ut
798 608 1017 693 sedentem
1040 634 1164 722 saepe
1183 603 1258 691 rix
1282 604 1525 719 distinguas.
1569 599 1762 716 Quiescit
1782 601 1920 689 ventri
1935 603 2098 694 incum-

406 760 532 858 bens,
575 760 714 875 capite
755 792 897 847 versus
938 760 1072 845 solem
1104 760 1292 861 sublato,
1333 760 1406 843 sed
1447 787 1614 883 currens
1654 754 1700 839 in
1742 757 1873 870 pedes
1904 755 2098 871 erigitur.

404 913 647 997 Admodum
676 913 820 1030 inepte
850 912 976 1026 fugit,
1018 913 1156 997 minus
1183 910 1304 1025 agilis
1333 932 1376 995 et
1407 908 1624 1024 ingeniosa
1655 938 1781 1021 quam
1810 914 1857 992 L.
1889 911 2100 998 aaudivol·

402 1073 521 1169 vala,
552 1050 845 1179 necunquam
875 1068 1068 1150 mordere
1095 1086 1247 1149 tentat.
1310 1062 1461 1147 Medio
1489 1060 1595 1176 Maji
1622 1061 1799 1144 feminas
1827 1059 1976 1145 inveni
2004 1061 2101 1149 ovis

398 1218 610 1330 urgidas,
637 1216 856 1317 ovalibus,
884 1218 1011 1320 albis,
1042 1216 1161 1300 tenui
1187 1239 1296 1300 testa
1322 1213 1592 1318 incrustatis,
1631 1213 1743 1296 mole
1773 1212 1953 1327 dactyli,
1994 1245 2101 1329 quo·

350 1354 354 1359 ⁵
398 1399 493 1452 rum
519 1366 566 1453 in
593 1370 743 1482 quovis
769 1370 971 1454 oviductu
999 1368 1094 1453 tria.
1165 1367 1358 1454 Inediam
1400 1364 1471 1451 diu
1514 1367 1652 1450 ferunt
1694 1388 1737 1448 et
1768 1366 1938 1450 demum
1968 1367 2098 1480 plane

400 1518 632 1609 emaciatae
662 1521 939 1606 exsiccantur.
1000 1523 1245 1605 Admodum
1284 1519 1330 1603 in
1371 1517 1483 1605 hanc
1511 1515 1699 1633 speciem
1727 1520 1903 1633 quadrat
1932 1518 2094 1604 descri-

394 1670 488 1786 ptio
513 1677 561 1758 L.
591 1675 707 1757 Pbca
738 1679 823 1759 bin.
852 1696 959 1787 syst.
991 1677 1088 1759 ΧΠ.
1121 1706 1161 1786 p.
1193 1685 1287 1780 367.
1317 1704 1378 1788 sp.
1411 1686 1483 1757 aa.

530 1826 700 1911 Descr.
758 1828 846 1911 Vix
888 1823 1280 1947 quadripollicares.
1360 1825 1498 1937 Caput
1548 1825 1867 1924 subcordatunr,
1926 1827 2098 1916 uertice
2141 1934 2144 1943 Ι

392 1974 539 2091 gibba,
570 2002 706 2063 rostro
730 1980 857 2094 plane
885 1946 1052 2082 retusa,
1081 1978 1154 2060 vix
1183 1974 1443 2092 prominulo.
1497 1978 1663 2062 Collum
1690 1998 1979 2081 contractum,
2009 1980 2093 2095 pli·

393 2152 547 2214 catum.
612 2131 745 2215 Nares
772 2131 819 2215 in
863 2128 1018 2214 fronte.
1089 2130 1211 2214 Oculi
1238 2129 1456 2231 laterales,
1507 2129 1616 2213 fossa
1644 2128 1965 2232 delitescentes,
2009 2135 2096 2218 sub

392 2280 651 2396 suggrundia
675 2281 907 2394 squamulis
933 2304 1104 2371 serrato.
1177 2284 1408 2381 Maxulae,
1444 2279 1694 2395 praesertim
1721 2279 1933 2395 superior,
1969 2314 2093 2397 squa-

393 2432 519 2518 mulis
548 2435 777 2530 deuta·ae;
833 2434 972 2518 dentes
998 2434 1044 2517 in
1072 2457 1246 2547 utraque
1276 2435 1453 2518 maxilla
1479 2432 1643 2531 crebri,
1698 2431 1858 2531 conici,
1916 2434 2095 2543 minuti,

394 2584 600 2698 aequales
658 2588 822 2698 Lingua
849 2616 1008 2685 crassa,
1035 2615 1231 2688 carnosa,
1263 2587 1405 2672 bifida.
1462 2589 1640 2672 Aurium
1666 2608 1871 2702 tympana
1896 2590 2091 2695 subcuta-

391 2767 495 2840 nea,
540 2735 723 2849 ideoque
763 2737 837 2823 vix
878 2738 1116 2854 conspicua
1189 2742 1351 2858 Corpus
1376 2741 1519 2831 subtus
1548 2770 1645 2825 cum
1672 2738 1853 2853 pedibus
1881 2761 1924 2824 et
1952 2744 2092 2828 cauda

393 2887 562 2991 album,
600 2910 760 2973 tectum
786 2899 1012 3006 squamub‘s
1040 2891 1203 3008 planis,
1257 2889 1657 3006 granuliformibus;
1710 2880 1820 3005 plica
1849 2894 2090 3008 subduplex

390 3057 625 3123 transversa
663 3044 740 3123 sub
779 3043 894 3127 collo
932 3066 1169 3148 coarctato,
1223 3046 1305 3129 alia
1335 3048 1388 3129 ad
1416 3076 1565 3149 auum,
1620 3067 1664 3130 et
1693 3045 1851 3161 duplex
1880 3049 1936 3131 ad
1965 3046 2090 3133 basin

388 3188 605 3304 utriusque
632 3191 815 3279 semoris.
874 3198 1009 3309 Supra
1035 3230 1229 3314 squamae
1259 3197 1802 3312 granulato·prominulae,
1847 3195 2085 3285 hincinde
2116 3204 2125 3213 ’

389 3342 808 3450 maricam-acutae,
853 3354 1050 3459 majores,
1095 3371 1139 3432 ut
1168 3348 1281 3435 circa
1309 3349 1547 3464 parotides,
1591 3352 1637 3433 iu
1666 3350 1808 3435 carina
1837 3352 2032 3466 angulata
2060 3384 2087 3438 a

385 3493 528 3579 nucha
555 3527 632 3610 per
658 3499 869 3584 cervicem
900 3504 952 3586 ad
981 3503 1169 3618 scapulas
1199 3502 1396 3615 utrinque
1424 3499 1654 3600 contiuua,
1694 3501 1825 3587 variis
1850 3505 2084 3591 tuberculis
2167 3560 2183 3607 2-

387 3647 520 3750 dorsi,
556 3651 705 3734 baseos
733 3652 954 3739 crassiores
983 3657 1142 3738 caudae
1171 3677 1215 3738 et
1245 3657 1478 3756 femorum,
1533 3656 1645 3738 uude
1675 3654 1804 3739 totius
1834 3656 2087 3744 animalculi

384 3801 516 3887 facies
543 3831 686 3915 aspera
715 3827 762 3887 et
788 3802 930 3890 hiulca
962 3830 1148 3922 apparet.
1222 3808 1369 3892 Gauda
1412 3839 1437 3890 a
1478 3805 1570 3892 basi
1611 3807 1714 3890 dein
1742 3809 1865 3892 valde
1895 3832 2082 3910 tenuata,

383 3957 611 4068 squamulis
642 3955 685 4039 in
714 3958 1025 4068 longitudinem
1056 3957 1221 4044 seriatis
1247 3961 1417 4043 lineata.
1489 3959 1617 4043 Pedes
1651 3960 1968 4075 pentadactyli,
2010 3995 2083 4047 un·

375 4116 557 4218 guiculra
584 4114 716 4194 acutis
750 4110 928 4210 albati„
984 4121 1217 4225 palmarum
1243 4114 1390 4228 pollex
1419 4136 1634 4207 remotus,
1675 4112 1832 4226 digitus
1860 4111 2079 4226 proximus

380 4256 673 4370 longissimus,
701 4262 889 4374 squamis
913 4288 1103 4352 serratus.
1162 4272 1287 4353 Color
1314 4297 1438 4380 supra
1468 4260 1721 4367 cinericius‚
1750 4267 1877 4350 modo
1909 4265 1954 4349 in
1984 4296 2081 4351 coe·

377 4410 679 4517 mlescentem,
723 4413 924 4500 modain
954 4446 1148 4530 gryseum
1177 4423 1380 4519 tendens,
1411 4446 1488 4531 pro
1516 4438 1664 4499 natura
1692 4417 1799 4514 loci,
1838 4417 2006 4532 punctis
2034 4441 2082 4504 et

375 4559 516 4647 lituris
545 4567 695 4679 sparsis
723 4567 868 4670 fracia,
913 4570 1049 4682 magis
1075 4571 1266 4656 minusve
1296 4568 1532 4670 distinctis,
1576 4567 1623 4651 in
1652 4600 1850 4685 corpore,
1891 4573 2077 4678 artubus,

376 4717 530 4820 cauda,
572 4719 701 4802 nullis
729 4718 774 4802 in
804 4720 960 4834 capite.
1037 4725 1280 4838 Longitudo
1315 4746 1407 4845 tota
1434 4727 1495 4809 δ”.
1524 4723 1590 4831 9”.
1619 4723 1770 4838 capitis
1799 4728 1886 4815 blm·
1915 4727 2077 4813 caudae

379 4867 442 4955 2⁰.
467 4867 650 4957 latitudo
676 4870 829 4988 capitis
857 4877 912 4959 ad
937 4874 1151 4989 parotides
1180 4880 1251 4965 δ”.
