4404 5902
817 296 963 359 ,...···=···....

278 525 390 639 184·
447 515 939 653 coaternus
995 524 1185 642 nonna.
1234 525 1366 616 ιΑι.
1405 527 1501 618 LV.

180 793 229 880 C.
251 822 425 907 corpore
453 790 724 876 teretiusculo
753 792 1080 912 coerulescente,
1108 793 1308 880 maxillae
1336 794 1547 890 inferioris
1585 799 1726 890 cirrho

125 942 296 1029 reviato.

233 1096 435 1180 lSciaena
464 1092 673 1196 cirrhosa,
703 1099 846 1181 Arted.
871 1127 967 1210 gen.
999 1109 1064 1182 38.
1094 1127 1184 1208 syn.
1217 1113 1284 1185 65.

259 1252 329 1328 An
358 1253 520 1358 Boops,
549 1244 845 1356 antiquorum?

144 1393 457 1480 Neo-Graecis
482 1397 741 1510 Melocops'a3
769 1396 1111 1484 Tauro-Tataris
1140 1400 1429 1513 Chen-balyls
1456 1402 1484 1488 i.
1515 1433 1552 1489 e.
1587 1409 1728 1523 regius

205 1576 346 1660 precis.

175 1702 211 1779 E
239 1693 435 1778 maximis
463 1719 508 1780 et
535 1695 879 1793 aestimatissimis
907 1698 1031 1784 Ponti
1059 1699 1216 1782 Euxini
1243 1699 1451 1814 piscibus,
1489 1707 1564 1818 qui
1602 1732 1729 1796 aesta-

125 1844 261 1946 initio,
290 1846 502 1929 interdum
531 1870 575 1930 et
605 1870 802 1932 autumno
832 1849 886 1932 ad
914 1838 1029 1931 nram
1043 1848 1221 1932 Tauriae
1247 1850 1581 1958 meridionalem,
1610 1886 1728 1970 prae-

126 1996 186 2080 im
214 2019 357 2081 contra
383 1995 694 2100 Theodosiam,
738 2001 814 2089 sed
842 2029 934 2083 raro
964 1996 1153 2112 capitur,
1193 1999 1333 2113 parvis
1361 2002 1555 2116 gregibus
1582 2028 1727 2091 natans

126 2147 256 2230 ittora
284 2143 356 2228 vix
385 2177 568 2259 unquam
599 2148 755 2261 legens.
826 2155 919 2232 Nec
962 2178 1143 2259 unquam
1177 2150 1320 2260 ¹junior
1355 2152 1496 2265 proles
1522 2135 1583 2238 ‘in
1618 2155 1725 2240 retia

126 2298 202 2381 isse
231 2294 332 2397 visa.
401 2304 451 2380 In
489 2297 658 2383 ferculis
697 2295 983 2413 sapidissimus
1024 2292 1180 2411 piscis5
1220 2327 1362 2382 carnes
1403 2299 1519 2386 enim
1566 2306 1721 2411 firmae,

129 2447 312 2548 ellosae,
343 2448 489 2552 albae,
519 2445 612 2532 sine
642 2447 802 2549 aristis,
828 2470 953 2559 gustu
981 2449 1068 2531 fere
1098 2448 1306 2532 Salmonis
1336 2450 1512 2536 Eriocis.

175 2598 351 2681 Descr.
408 2597 604 2711 Bipedali
646 2604 772 2711 vulgo
815 2605 946 2707 major
956 2658 970 2696 ,
1011 2599 1142 2682 forma
1179 2628 1312 2684 crassa
1340 2594 1588 2717 Carpionis,
1632 2604 1719 2689 fere

127 2746 297 2844 ndrica,
326 2750 379 2832 ad
409 2758 534 2862 caput
560 2747 635 2831 rix
662 2777 923 2862 compressa,
954 2750 1028 2832 sed
1057 2779 1195 2834 versus
1222 2754 1398 2837 caudam
1426 2722 1582 2838 sensim
1610 2782 1722 2839 com·

126 2895 232 2981 ιιιοι
288 2899 446 3013 Corpus
471 2898 653 3014 pingue,
683 2897 1086 3012 macrolepidotum,
1116 2921 1252 2985 totum
1281 2927 1552 3016 argenteum,
1581 2932 1721 2988 versus

126 3077 212 3132 sum
248 3050 562 3151 coerulescens,
618 3049 711 3166 ipso
752 3050 875 3133 dorso
912 3049 1196 3147 luscescente3
1250 3061 1384 3162 pinnis
1420 3050 1714 3137 discoloribus.
1701 3110 1750 3150 .,,

126 3216 240 3283 amne
266 3198 552 3329 magnitudine
581 3196 758 3283 humani
785 3195 957 3311 unguis,
988 3197 1042 3287 sd
1066 3217 1194 3308 caput
1222 3198 1423 3300 minores,
1454 3156 1717 3305 rotundatas,

127 3377 250 3460 grae,
291 3351 466 3452 molles,
509 3349 633 3433 facile
662 3345 878 3432 deciduae
936 3349 1072 3459 Caput
1099 3373 1300 3448 crassum,
1343 3345 1528 3459 undique
1558 3340 1712 3477 conv'eg

126 3529 163 3601 ι,
204 3528 334 3614 usque
375 3501 429 3583 ad
456 3522 632 3584 rostrum
664 3520 959 3612 squamosum,
1003 3493 1176 3578 maxilla
1177 3496 1421 3619 superiore
1454 3468 1705 3605 efformante

126 3682 212 3733 nam
246 3651 425 3736 conico·
440 3671 648 3749 retusum,
703 3647 980 3761 productum,
1020 3674 1141 3757 supra
1176 3676 1222 3729 as
1261 3647 1468 3779 inferum,
1511 3622 1723 3751 lunatum,

126 3830 185 3882 rm
210 3794 404 3900 emisile,
433 3800 561 3885 labris
587 3795 743 3883 strictis
770 3794 995 3929 stipatum3
1029 3802 1207 3880 maxilla
1236 3800 1399 3905 iruera'or
1424 3796 1560 3878 multo
1589 3822 1761 3905 angu··.

126 3979 167 4052 r,
194 3949 241 4033 in
268 3970 399 4032 rostro
424 3969 514 4031 tota
542 3967 586 4030 se
614 3921 902 4039 abscondens,
923 3946 1099 4042 obtusa,
1127 3943 1339 4058 utriusque
1367 3941 1555 4057 margine
1584 3924 1714 4025 fascis
1757 3986 1772 4017 ι

135 4099 416 4201 ,denticulis
445 4099 642 4183 confertis
671 4093 802 4180 acutis
830 4095 1090 4229 scaberrirna
1161 4097 1244 4178 Sed
1272 4096 1456 4237 palatum
1494 4112 1542 4176 et
1568 4091 1715 4206 lingua

126 4255 200 4335 bra.
271 4238 356 4332 Sub
400 4249 552 4360 angulo
588 4246 791 4331 maxillae
828 4276 996 4331 verruca
1032 4245 1250 4359 elongata,
1299 4274 1495 4347 recurva,
1538 4234 1714 4341 obtu'sa,

126 4399 157 4483 si
181 4432 209 4483 a
241 4398 384 4504 cirrho
425 4397 611 4497 detrito,
652 4395 937 4510 cartilaginea
968 4446 1017 4462 -
1057 4396 1181 4479 Ocnb'
1218 4393 1387 4507 magni,
1432 4393 1534 4481 iride
1574 4392 1711 4495 aurea,

126 4552 203 4636 :ulo
228 4572 417 4635 cutaceo.
444 4624 450 4631 .
478 4530 611 4633 Nares
635 4546 769 4632 oculis
791 4547 1009 4661 propiores
1038 4545 1225 4658 amplae,
1268 4540 1521 4657 posteriores
1547 4541 1712 4625 lanceo-
1774 4580 1778 4587 ·

126 4729 166 4806 a,
200 4700 428 4788 anteriores
456 4694 672 4807 rotundae,
697 4698 1024 4814 patentissimae.
1063 4697 1272 4812 opercula
1296 4672 1528 4809 squamosa,
1554 4687 1712 4777 lamina
1816 4704 1819 4711 '

1251 4855 1275 4901 O
