<?xml version="1.0" encoding="UTF-8"?>
<!DOCTYPE html PUBLIC "-//W3C//DTD XHTML 1.0 Transitional//EN"
    "http://www.w3.org/TR/xhtml1/DTD/xhtml1-transitional.dtd">
<html xmlns="http://www.w3.org/1999/xhtml" xml:lang="en" lang="en">
 <head>
  <title>
</title>
<meta http-equiv="Content-Type" content="text/html;charset=utf-8" />
  <meta name='ocr-system' content='tesseract 3.04.00' />
  <meta name='ocr-capabilities' content='ocr_page ocr_carea ocr_par ocr_line ocrx_word'/>
</head>
<body>
  <div class='ocr_page' id='page_1' title='image "./zoographiarosso00pallgoog_0339.png"; bbox 0 0 4404 5902; ppageno 0'>
   <div class='ocr_carea' id='block_1_1' title="bbox 1041 209 1956 369">
    <p class='ocr_par' dir='ltr' id='par_1_1' title="bbox 1041 209 1956 369">
     <span class='ocr_line' id='line_1_1' title="bbox 1041 209 1956 369; baseline 0.012 -54"><span class='ocrx_word' id='word_1_1' title='bbox 1041 209 1189 299; x_wconf 63' lang='lat' dir='ltr'>&#39;es-</span> <span class='ocrx_word' id='word_1_2' title='bbox 1810 354 1814 369; x_wconf 29' lang='grc' dir='ltr'>Ι</span> <span class='ocrx_word' id='word_1_3' title='bbox 1864 228 1956 341; x_wconf 63' lang='lat'>329</span> 
     </span>
    </p>
   </div>
   <div class='ocr_carea' id='block_1_2' title="bbox 266 442 1955 560">
    <p class='ocr_par' dir='ltr' id='par_1_2' title="bbox 266 442 1955 560">
     <span class='ocr_line' id='line_1_2' title="bbox 266 442 1955 560; baseline 0.002 -31"><span class='ocrx_word' id='word_1_4' title='bbox 266 444 499 559; x_wconf 76' lang='lat' dir='ltr'><strong>pectorales</strong></span> <span class='ocrx_word' id='word_1_5' title='bbox 540 466 704 531; x_wconf 87' lang='lat' dir='ltr'>tantum</span> <span class='ocrx_word' id='word_1_6' title='bbox 743 442 834 530; x_wconf 83' lang='lat' dir='ltr'>basi</span> <span class='ocrx_word' id='word_1_7' title='bbox 874 443 1065 539; x_wconf 86' lang='lat' dir='ltr'>obsolete</span> <span class='ocrx_word' id='word_1_8' title='bbox 1104 448 1410 547; x_wconf 85' lang='lat' dir='ltr'>fulvescentes,</span> <span class='ocrx_word' id='word_1_9' title='bbox 1435 442 1649 560; x_wconf 80' lang='lat' dir='ltr'>‚reliquae</span> <span class='ocrx_word' id='word_1_10' title='bbox 1693 445 1846 533; x_wconf 82' lang='lat' dir='ltr'><strong>fuscae.</strong></span> <span class='ocrx_word' id='word_1_11' title='bbox 1905 449 1955 534; x_wconf 88' lang='lat' dir='ltr'>P.</span> 
     </span>
    </p>
   </div>
   <div class='ocr_carea' id='block_1_3' title="bbox 215 579 2087 1912">
    <p class='ocr_par' dir='ltr' id='par_1_3' title="bbox 265 579 1953 709">
     <span class='ocr_line' id='line_1_3' title="bbox 265 579 1953 709; baseline 0.002 -30"><span class='ocrx_word' id='word_1_12' title='bbox 265 604 488 709; x_wconf 72' lang='lat' dir='ltr'>pectorales</span> <span class='ocrx_word' id='word_1_13' title='bbox 516 599 716 694; x_wconf 84' lang='lat' dir='ltr'>obtusae,</span> <span class='ocrx_word' id='word_1_14' title='bbox 744 600 831 681; x_wconf 86' lang='lat' dir='ltr'>rad.</span> <span class='ocrx_word' id='word_1_15' title='bbox 856 610 916 681; x_wconf 79' lang='grc' dir='ltr'>ιδ.</span> <span class='ocrx_word' id='word_1_16' title='bbox 947 631 1007 703; x_wconf 87' lang='lat'>19·</span> <span class='ocrx_word' id='word_1_17' title='bbox 1036 605 1237 682; x_wconf 81' lang='lat' dir='ltr'>ventrales</span> <span class='ocrx_word' id='word_1_18' title='bbox 1263 579 1394 700; x_wconf 49' lang='lat' dir='ltr'>rada)</span> <span class='ocrx_word' id='word_1_19' title='bbox 1437 603 1574 680; x_wconf 78' lang='lat' dir='ltr'>anelis</span> <span class='ocrx_word' id='word_1_20' title='bbox 1606 598 1692 681; x_wconf 85' lang='lat' dir='ltr'>rad.</span> <span class='ocrx_word' id='word_1_21' title='bbox 1722 616 1773 701; x_wconf 77' lang='grc' dir='ltr'>4ο</span> <span class='ocrx_word' id='word_1_22' title='bbox 1806 600 1858 681; x_wconf 85' lang='lat' dir='ltr'>ad</span> <span class='ocrx_word' id='word_1_23' title='bbox 1887 604 1953 701; x_wconf 71' lang='grc'>43.</span> 
     </span>
    </p>

    <p class='ocr_par' dir='ltr' id='par_1_4' title="bbox 219 736 1953 1012">
     <span class='ocr_line' id='line_1_4' title="bbox 219 736 1953 863; baseline 0.001 -35"><span class='ocrx_word' id='word_1_24' title='bbox 219 736 223 745; x_wconf 66' lang='grc'>’</span> <span class='ocrx_word' id='word_1_25' title='bbox 262 769 432 861; x_wconf 88' lang='lat' dir='ltr'>praeter</span> <span class='ocrx_word' id='word_1_26' title='bbox 458 748 589 831; x_wconf 80' lang='lat' dir='ltr'>fulcra</span> <span class='ocrx_word' id='word_1_27' title='bbox 619 747 906 860; x_wconf 78' lang='lat' dir='ltr'>adglutinata,</span> <span class='ocrx_word' id='word_1_28' title='bbox 948 746 1078 861; x_wconf 83' lang='lat' dir='ltr'>nigris</span> <span class='ocrx_word' id='word_1_29' title='bbox 1118 747 1268 832; x_wconf 85' lang='lat' dir='ltr'>atomis</span> <span class='ocrx_word' id='word_1_30' title='bbox 1309 747 1550 860; x_wconf 74' lang='lat' dir='ltr'>puluerem,</span> <span class='ocrx_word' id='word_1_31' title='bbox 1597 748 1782 863; x_wconf 82' lang='lat' dir='ltr'>margine</span> <span class='ocrx_word' id='word_1_32' title='bbox 1820 748 1953 859; x_wconf 80' lang='lat' dir='ltr'>magis</span> 
     </span>
     <span class='ocr_line' id='line_1_5' title="bbox 263 896 1952 1012; baseline 0.001 -33"><span class='ocrx_word' id='word_1_33' title='bbox 263 897 380 982; x_wconf 86' lang='lat' dir='ltr'>fusca</span> <span class='ocrx_word' id='word_1_34' title='bbox 406 896 495 980; x_wconf 89' lang='lat' dir='ltr'>basi</span> <span class='ocrx_word' id='word_1_35' title='bbox 524 896 718 1012; x_wconf 88' lang='lat' dir='ltr'>utrinque</span> <span class='ocrx_word' id='word_1_36' title='bbox 759 896 866 981; x_wconf 84' lang='lat' dir='ltr'>serie</span> <span class='ocrx_word' id='word_1_37' title='bbox 907 928 1170 1011; x_wconf 82' lang='lat' dir='ltr'>squamarum</span> <span class='ocrx_word' id='word_1_38' title='bbox 1214 899 1422 983; x_wconf 88' lang='lat' dir='ltr'>minorum</span> <span class='ocrx_word' id='word_1_39' title='bbox 1462 897 1628 1012; x_wconf 86' lang='lat' dir='ltr'>stipata.</span> <span class='ocrx_word' id='word_1_40' title='bbox 1700 901 1746 983; x_wconf 89' lang='lat' dir='ltr'>P.</span> <span class='ocrx_word' id='word_1_41' title='bbox 1777 899 1952 982; x_wconf 79' lang='lat' dir='ltr'>dorsalis</span> 
     </span>
    </p>

    <p class='ocr_par' dir='ltr' id='par_1_5' title="bbox 215 1046 1953 1163">
     <span class='ocr_line' id='line_1_6' title="bbox 215 1046 1953 1163; baseline -0.002 -26"><span class='ocrx_word' id='word_1_42' title='bbox 215 1122 224 1137; x_wconf 89' lang='lat'><strong>.</strong></span> <span class='ocrx_word' id='word_1_43' title='bbox 264 1047 501 1132; x_wconf 83' lang='lat' dir='ltr'>acuminata</span> <span class='ocrx_word' id='word_1_44' title='bbox 529 1049 616 1132; x_wconf 85' lang='lat' dir='ltr'>rad.</span> <span class='ocrx_word' id='word_1_45' title='bbox 647 1084 686 1155; x_wconf 86' lang='lat'>9.</span> <span class='ocrx_word' id='word_1_46' title='bbox 715 1048 867 1132; x_wconf 90' lang='lat' dir='ltr'>ultimo</span> <span class='ocrx_word' id='word_1_47' title='bbox 894 1046 1078 1161; x_wconf 77' lang='lat' dir='ltr'>gemino,</span> <span class='ocrx_word' id='word_1_48' title='bbox 1135 1049 1283 1132; x_wconf 85' lang='lat' dir='ltr'>Caudo</span> <span class='ocrx_word' id='word_1_49' title='bbox 1311 1051 1397 1132; x_wconf 88' lang='lat' dir='ltr'>rad.</span> <span class='ocrx_word' id='word_1_50' title='bbox 1436 1085 1446 1129; x_wconf 87' lang='lat' dir='ltr'>r</span> <span class='ocrx_word' id='word_1_51' title='bbox 1456 1084 1495 1155; x_wconf 87' lang='lat'>9.</span> <span class='ocrx_word' id='word_1_52' title='bbox 1535 1052 1740 1163; x_wconf 82' lang='lat' dir='ltr'>profunde</span> <span class='ocrx_word' id='word_1_53' title='bbox 1773 1047 1953 1133; x_wconf 87' lang='lat' dir='ltr'>lunatim</span> 
     </span>
    </p>

    <p class='ocr_par' dir='ltr' id='par_1_6' title="bbox 215 1180 1951 1314">
     <span class='ocr_line' id='line_1_7' title="bbox 215 1180 1951 1314; baseline 0 -33"><span class='ocrx_word' id='word_1_54' title='bbox 215 1188 219 1193; x_wconf 40' lang='lat'>⁵</span> <span class='ocrx_word' id='word_1_55' title='bbox 263 1196 424 1300; x_wconf 87' lang='lat' dir='ltr'>incisa,</span> <span class='ocrx_word' id='word_1_56' title='bbox 454 1180 603 1287; x_wconf 87' lang='lat' dir='ltr'>lacinis</span> <span class='ocrx_word' id='word_1_57' title='bbox 632 1197 907 1300; x_wconf 83' lang='lat' dir='ltr'>acutissimis,</span> <span class='ocrx_word' id='word_1_58' title='bbox 950 1198 1148 1281; x_wconf 85' lang='lat' dir='ltr'>inferiore</span> <span class='ocrx_word' id='word_1_59' title='bbox 1178 1201 1304 1314; x_wconf 83' lang='lat' dir='ltr'>paulo</span> <span class='ocrx_word' id='word_1_60' title='bbox 1331 1205 1501 1311; x_wconf 85' lang='lat' dir='ltr'>majore.</span> <span class='ocrx_word' id='word_1_61' title='bbox 1569 1203 1732 1312; x_wconf 81' lang='lat' dir='ltr'>Longit.</span> <span class='ocrx_word' id='word_1_62' title='bbox 1761 1220 1851 1282; x_wconf 89' lang='lat' dir='ltr'>tota</span> <span class='ocrx_word' id='word_1_63' title='bbox 1881 1199 1951 1282; x_wconf 90' lang='lat' dir='ltr'>de·</span> 
     </span>
    </p>

    <p class='ocr_par' dir='ltr' id='par_1_7' title="bbox 223 1347 2087 1912">
     <span class='ocr_line' id='line_1_8' title="bbox 223 1347 1948 1470; baseline -0.002 -33"><span class='ocrx_word' id='word_1_64' title='bbox 223 1433 226 1437; x_wconf 82' lang='lat'>.</span> <span class='ocrx_word' id='word_1_65' title='bbox 263 1347 409 1465; x_wconf 78' lang='lat' dir='ltr'>scripti</span> <span class='ocrx_word' id='word_1_66' title='bbox 441 1350 500 1432; x_wconf 85' lang='grc'>8”.</span> <span class='ocrx_word' id='word_1_67' title='bbox 530 1350 600 1431; x_wconf 81' lang='lat'>3“‘.</span> <span class='ocrx_word' id='word_1_68' title='bbox 640 1350 792 1464; x_wconf 85' lang='lat' dir='ltr'>capitis</span> <span class='ocrx_word' id='word_1_69' title='bbox 819 1350 881 1470; x_wconf 28' lang='lat' dir='ltr'>&#39;r“.</span> <span class='ocrx_word' id='word_1_70' title='bbox 912 1350 998 1449; x_wconf 48' lang='grc' dir='ltr'>ὄζω.</span> <span class='ocrx_word' id='word_1_71' title='bbox 1040 1351 1091 1431; x_wconf 86' lang='lat' dir='ltr'>ad</span> <span class='ocrx_word' id='word_1_72' title='bbox 1123 1351 1264 1456; x_wconf 83' lang='lat' dir='ltr'>oculos</span> <span class='ocrx_word' id='word_1_73' title='bbox 1300 1353 1368 1435; x_wconf 89' lang='lat'><em>5&#39;&#39;&#39;.</em></span> <span class='ocrx_word' id='word_1_74' title='bbox 1412 1351 1465 1431; x_wconf 89' lang='lat' dir='ltr'>ad</span> <span class='ocrx_word' id='word_1_75' title='bbox 1499 1349 1588 1463; x_wconf 87' lang='lat' dir='ltr'>pin.</span> <span class='ocrx_word' id='word_1_76' title='bbox 1626 1349 1858 1462; x_wconf 79' lang='lat' dir='ltr'>pectorales</span> <span class='ocrx_word' id='word_1_77' title='bbox 1891 1350 1948 1433; x_wconf 50' lang='lat' dir='ltr'>is.</span> 
     </span>
     <span class='ocr_line' id='line_1_9' title="bbox 262 1496 1951 1614; baseline 0.002 -34"><span class='ocrx_word' id='word_1_78' title='bbox 262 1496 336 1606; x_wconf 67' lang='lat'>7⁰2</span> <span class='ocrx_word' id='word_1_79' title='bbox 376 1496 479 1582; x_wconf 89' lang='lat' dir='ltr'>hinc</span> <span class='ocrx_word' id='word_1_80' title='bbox 518 1500 571 1582; x_wconf 88' lang='lat' dir='ltr'>ad</span> <span class='ocrx_word' id='word_1_81' title='bbox 613 1501 821 1587; x_wconf 83' lang='lat' dir='ltr'>ventrales</span> <span class='ocrx_word' id='word_1_82' title='bbox 854 1499 910 1581; x_wconf 63' lang='lat'>2¹2</span> <span class='ocrx_word' id='word_1_83' title='bbox 942 1505 1012 1604; x_wconf 84' lang='lat'>9&#39;“.</span> <span class='ocrx_word' id='word_1_84' title='bbox 1058 1501 1159 1585; x_wconf 80' lang='lat' dir='ltr'>hinc</span> <span class='ocrx_word' id='word_1_85' title='bbox 1206 1503 1266 1585; x_wconf 70' lang='lat' dir='ltr'>ad¹</span> <span class='ocrx_word' id='word_1_86' title='bbox 1300 1499 1471 1612; x_wconf 81' lang='lat' dir='ltr'>pinnam</span> <span class='ocrx_word' id='word_1_87' title='bbox 1516 1499 1585 1583; x_wconf 85' lang='lat' dir='ltr'>ani</span> <span class='ocrx_word' id='word_1_88' title='bbox 1615 1503 1676 1583; x_wconf 74' lang='grc' dir='ltr'>δ”.</span> <span class='ocrx_word' id='word_1_89' title='bbox 1710 1506 1781 1607; x_wconf 83' lang='grc'>9”’.</span> <span class='ocrx_word' id='word_1_90' title='bbox 1830 1498 1897 1584; x_wconf 85' lang='lat' dir='ltr'>ad&#39;</span> <span class='ocrx_word' id='word_1_91' title='bbox 1909 1531 1951 1614; x_wconf 90' lang='lat' dir='ltr'>p.</span> 
     </span>
     <span class='ocr_line' id='line_1_10' title="bbox 264 1635 2087 1766; baseline 0.002 -34"><span class='ocrx_word' id='word_1_92' title='bbox 264 1648 378 1733; x_wconf 90' lang='lat' dir='ltr'>dorsi</span> <span class='ocrx_word' id='word_1_93' title='bbox 408 1656 467 1734; x_wconf 73' lang='grc' dir='ltr'>δ”.</span> <span class='ocrx_word' id='word_1_94' title='bbox 498 1650 587 1737; x_wconf 67' lang='grc' dir='ltr'>6ἐ’”.</span> <span class='ocrx_word' id='word_1_95' title='bbox 618 1648 797 1736; x_wconf 86' lang='lat' dir='ltr'>altitudo</span> <span class='ocrx_word' id='word_1_96' title='bbox 825 1681 868 1765; x_wconf 90' lang='lat' dir='ltr'>p.</span> <span class='ocrx_word' id='word_1_97' title='bbox 898 1648 1011 1733; x_wconf 86' lang='lat' dir='ltr'>dorsi</span> <span class='ocrx_word' id='word_1_98' title='bbox 1045 1659 1098 1734; x_wconf 84' lang='lat' dir='ltr'>r&#39;&#39;.</span> <span class='ocrx_word' id='word_1_99' title='bbox 1131 1657 1213 1755; x_wconf 43' lang='grc' dir='ltr'>δί’.</span> <span class='ocrx_word' id='word_1_100' title='bbox 1252 1648 1432 1736; x_wconf 83' lang='lat' dir='ltr'>latitudo</span> <span class='ocrx_word' id='word_1_101' title='bbox 1461 1653 1547 1759; x_wconf 62' lang='lat' dir='ltr'>ytm.</span> <span class='ocrx_word' id='word_1_102' title='bbox 1588 1649 1766 1736; x_wconf 82' lang='lat' dir='ltr'>altitudo</span> <span class='ocrx_word' id='word_1_103' title='bbox 1794 1648 1949 1766; x_wconf 84' lang='lat' dir='ltr'>pindae</span> <span class='ocrx_word' id='word_1_104' title='bbox 2084 1635 2087 1641; x_wconf 31' lang='lat'>⁸</span> 
     </span>
     <span class='ocr_line' id='line_1_11' title="bbox 259 1790 1893 1912; baseline 0 -27"><span class='ocrx_word' id='word_1_105' title='bbox 259 1790 337 1885; x_wconf 72' lang='lat' dir='ltr'>¹imi</span> <span class='ocrx_word' id='word_1_106' title='bbox 372 1799 461 1883; x_wconf 62' lang='lat' dir='ltr'>um.</span> <span class='ocrx_word' id='word_1_107' title='bbox 491 1798 671 1887; x_wconf 82' lang='lat' dir='ltr'>latitudo</span> <span class='ocrx_word' id='word_1_108' title='bbox 700 1804 756 1884; x_wconf 80' lang='lat' dir='ltr'>a‘&#39;.</span> <span class='ocrx_word' id='word_1_109' title='bbox 787 1802 855 1912; x_wconf 84' lang='lat'><em>7‘&#39;&#39;.</em></span> <span class='ocrx_word' id='word_1_110' title='bbox 1889 1800 1893 1809; x_wconf 67' lang='grc'>’</span> 
     </span>
    </p>
   </div>
   <div class='ocr_carea' id='block_1_4' title="bbox 669 2024 1540 2133">
    <p class='ocr_par' dir='ltr' id='par_1_8' title="bbox 669 2024 1540 2133">
     <span class='ocr_line' id='line_1_12' title="bbox 669 2024 1540 2133; baseline -0.002 -15"><span class='ocrx_word' id='word_1_111' title='bbox 669 2036 785 2133; x_wconf 78' lang='lat'>237.</span> <span class='ocrx_word' id='word_1_112' title='bbox 833 2024 1253 2118; x_wconf 87' lang='lat' dir='ltr'>CYPRINUS</span> <span class='ocrx_word' id='word_1_113' title='bbox 1290 2025 1540 2117; x_wconf 78' lang='lat' dir='ltr'>Clenezu.</span> 
     </span>
    </p>
   </div>
   <div class='ocr_carea' id='block_1_5' title="bbox 246 2249 2050 4778">
    <p class='ocr_par' dir='ltr' id='par_1_9' title="bbox 267 2249 1945 2965">
     <span class='ocr_line' id='line_1_13' title="bbox 303 2249 1945 2377; baseline 0.001 -39"><span class='ocrx_word' id='word_1_114' title='bbox 303 2364 307 2377; x_wconf 25' lang='lat'><strong><em>¹</em></strong></span> <span class='ocrx_word' id='word_1_115' title='bbox 404 2252 452 2338; x_wconf 86' lang='lat' dir='ltr'>C.</span> <span class='ocrx_word' id='word_1_116' title='bbox 479 2251 855 2368; x_wconf 84' lang='lat' dir='ltr'>macrolepidotus,</span> <span class='ocrx_word' id='word_1_117' title='bbox 898 2255 1180 2351; x_wconf 85' lang='lat' dir='ltr'>lanceolatus,</span> <span class='ocrx_word' id='word_1_118' title='bbox 1216 2249 1552 2367; x_wconf 84' lang='lat' dir='ltr'>cathetoplateus</span> <span class='ocrx_word' id='word_1_119' title='bbox 1581 2275 1824 2369; x_wconf 83' lang='lat' dir='ltr'>argenteus,</span> <span class='ocrx_word' id='word_1_120' title='bbox 1852 2251 1945 2369; x_wconf 77' lang='lat' dir='ltr'>piu·</span> 
     </span>
     <span class='ocr_line' id='line_1_14' title="bbox 267 2400 1374 2508; baseline -0.002 -20"><span class='ocrx_word' id='word_1_121' title='bbox 267 2400 332 2488; x_wconf 84' lang='lat' dir='ltr'>uis</span> <span class='ocrx_word' id='word_1_122' title='bbox 359 2400 505 2488; x_wconf 85' lang='lat' dir='ltr'>inseris</span> <span class='ocrx_word' id='word_1_123' title='bbox 534 2402 667 2505; x_wconf 88' lang='lat' dir='ltr'>albis,</span> <span class='ocrx_word' id='word_1_124' title='bbox 697 2402 808 2489; x_wconf 88' lang='lat' dir='ltr'>anali</span> <span class='ocrx_word' id='word_1_125' title='bbox 836 2422 887 2508; x_wconf 72' lang='grc' dir='ltr'>4ο</span> <span class='ocrx_word' id='word_1_126' title='bbox 917 2405 987 2488; x_wconf 85' lang='lat' dir='ltr'>vel</span> <span class='ocrx_word' id='word_1_127' title='bbox 1015 2407 1123 2489; x_wconf 89' lang='lat' dir='ltr'>ultra</span> <span class='ocrx_word' id='word_1_128' title='bbox 1151 2404 1374 2489; x_wconf 86' lang='lat' dir='ltr'>radiorum.</span> 
     </span>
     <span class='ocr_line' id='line_1_15' title="bbox 484 2554 1715 2669; baseline 0.004 -33"><span class='ocrx_word' id='word_1_129' title='bbox 484 2558 555 2638; x_wconf 91' lang='lat' dir='ltr'>An</span> <span class='ocrx_word' id='word_1_130' title='bbox 584 2554 633 2640; x_wconf 76' lang='lat'>(2.</span> <span class='ocrx_word' id='word_1_131' title='bbox 662 2559 871 2658; x_wconf 86' lang='lat' dir='ltr'>Farenus‚</span> <span class='ocrx_word' id='word_1_132' title='bbox 902 2559 993 2639; x_wconf 81' lang='lat' dir='ltr'>Lin.</span> <span class='ocrx_word' id='word_1_133' title='bbox 1021 2574 1125 2666; x_wconf 84' lang='lat' dir='ltr'>syst.</span> <span class='ocrx_word' id='word_1_134' title='bbox 1155 2558 1252 2638; x_wconf 83' lang='lat' dir='ltr'><strong><em>XII.</em></strong></span> <span class='ocrx_word' id='word_1_135' title='bbox 1279 2558 1313 2637; x_wconf 82' lang='lat'>1.</span> <span class='ocrx_word' id='word_1_136' title='bbox 1344 2588 1383 2669; x_wconf 88' lang='lat' dir='ltr'>p.</span> <span class='ocrx_word' id='word_1_137' title='bbox 1416 2567 1508 2641; x_wconf 81' lang='lat'><strong>532.</strong></span> <span class='ocrx_word' id='word_1_138' title='bbox 1534 2584 1596 2668; x_wconf 81' lang='lat' dir='ltr'>sp.</span> <span class='ocrx_word' id='word_1_139' title='bbox 1628 2564 1715 2641; x_wconf 70' lang='lat'>302</span> 
     </span>
     <span class='ocr_line' id='line_1_16' title="bbox 483 2703 1945 2821; baseline 0.006 -35"><span class='ocrx_word' id='word_1_140' title='bbox 483 2703 627 2788; x_wconf 83' lang='lat' dir='ltr'>Rossis</span> <span class='ocrx_word' id='word_1_141' title='bbox 655 2706 707 2789; x_wconf 88' lang='lat' dir='ltr'>ad</span> <span class='ocrx_word' id='word_1_142' title='bbox 734 2710 897 2789; x_wconf 75' lang='lat' dir='ltr'>Tanain</span> <span class='ocrx_word' id='word_1_143' title='bbox 924 2709 1092 2794; x_wconf 84' lang='lat' dir='ltr'>Kleve&#39;tz</span> <span class='ocrx_word' id='word_1_144' title='bbox 1119 2727 1163 2791; x_wconf 87' lang='lat' dir='ltr'>et</span> <span class='ocrx_word' id='word_1_145' title='bbox 1189 2707 1497 2816; x_wconf 77' lang='lat' dir='ltr'>Putschcglosilr</span> <span class='ocrx_word' id='word_1_146' title='bbox 1523 2704 1573 2815; x_wconf 91' lang='lat' dir='ltr'>(i.</span> <span class='ocrx_word' id='word_1_147' title='bbox 1605 2733 1644 2788; x_wconf 85' lang='lat' dir='ltr'>e.</span> <span class='ocrx_word' id='word_1_148' title='bbox 1670 2707 1945 2821; x_wconf 72' lang='lat' dir='ltr'>protuberans</span> 
     </span>
     <span class='ocr_line' id='line_1_17' title="bbox 430 2854 601 2965; baseline 0 -25"><span class='ocrx_word' id='word_1_149' title='bbox 430 2854 601 2965; x_wconf 84' lang='lat' dir='ltr'>oculis).</span> 
     </span>
    </p>

    <p class='ocr_par' dir='ltr' id='par_1_10' title="bbox 261 3005 2050 3579">
     <span class='ocr_line' id='line_1_18' title="bbox 404 3005 2050 3120; baseline 0.004 -32"><span class='ocrx_word' id='word_1_150' title='bbox 404 3011 455 3089; x_wconf 93' lang='lat' dir='ltr'>In</span> <span class='ocrx_word' id='word_1_151' title='bbox 495 3006 618 3090; x_wconf 82' lang='lat' dir='ltr'>alveo</span> <span class='ocrx_word' id='word_1_152' title='bbox 644 3011 798 3091; x_wconf 74' lang='lat' dir='ltr'>Tanais</span> <span class='ocrx_word' id='word_1_153' title='bbox 837 3036 977 3117; x_wconf 78' lang='lat' dir='ltr'>versus</span> <span class='ocrx_word' id='word_1_154' title='bbox 1017 3005 1271 3094; x_wconf 82' lang='lat' dir='ltr'>Maeoticum</span> <span class='ocrx_word' id='word_1_155' title='bbox 1315 3008 1513 3120; x_wconf 85' lang='lat' dir='ltr'>paludem</span> <span class='ocrx_word' id='word_1_156' title='bbox 1554 3008 1750 3120; x_wconf 84' lang='lat' dir='ltr'>frequens</span> <span class='ocrx_word' id='word_1_157' title='bbox 1791 3012 1943 3107; x_wconf 82' lang='lat' dir='ltr'>a-Cel.</span> <span class='ocrx_word' id='word_1_158' title='bbox 2044 3060 2050 3072; x_wconf 89' lang='lat'><strong>·</strong></span> 
     </span>
     <span class='ocr_line' id='line_1_19' title="bbox 265 3128 1945 3274; baseline -0.001 -30"><span class='ocrx_word' id='word_1_159' title='bbox 265 3159 636 3274; x_wconf 70' lang='lat' dir='ltr'>Gdldenstoedt</span> <span class='ocrx_word' id='word_1_160' title='bbox 664 3159 929 3258; x_wconf 88' lang='lat' dir='ltr'>observatus,</span> <span class='ocrx_word' id='word_1_161' title='bbox 969 3153 1079 3238; x_wconf 92' lang='lat' dir='ltr'>mihi</span> <span class='ocrx_word' id='word_1_162' title='bbox 1108 3186 1193 3240; x_wconf 92' lang='lat' dir='ltr'>non</span> <span class='ocrx_word' id='word_1_163' title='bbox 1222 3155 1331 3239; x_wconf 88' lang='lat' dir='ltr'>visus</span> <span class='ocrx_word' id='word_1_164' title='bbox 1358 3156 1485 3269; x_wconf 90' lang='lat' dir='ltr'>piscis</span> <span class='ocrx_word' id='word_1_165' title='bbox 1512 3184 1635 3268; x_wconf 90' lang='lat' dir='ltr'>quem</span> <span class='ocrx_word' id='word_1_166' title='bbox 1661 3185 1717 3239; x_wconf 89' lang='lat' dir='ltr'>ex</span> <span class='ocrx_word' id='word_1_167' title='bbox 1746 3165 1834 3267; x_wconf 89' lang='lat' dir='ltr'>ejus</span> <span class='ocrx_word' id='word_1_168' title='bbox 1862 3128 1945 3244; x_wconf 84' lang='lat' dir='ltr'>fide</span> 
     </span>
     <span class='ocr_line' id='line_1_20' title="bbox 263 3302 1944 3423; baseline 0.001 -30"><span class='ocrx_word' id='word_1_169' title='bbox 263 3306 404 3401; x_wconf 84' lang='lat' dir='ltr'>insero</span> <span class='ocrx_word' id='word_1_170' title='bbox 430 3304 621 3423; x_wconf 84' lang='lat' dir='ltr'>quamvis</span> <span class='ocrx_word' id='word_1_171' title='bbox 648 3336 807 3389; x_wconf 89' lang='lat' dir='ltr'>summa</span> <span class='ocrx_word' id='word_1_172' title='bbox 835 3336 930 3390; x_wconf 90' lang='lat' dir='ltr'>cum</span> <span class='ocrx_word' id='word_1_173' title='bbox 959 3309 1236 3419; x_wconf 88' lang='lat' dir='ltr'>praecedente</span> <span class='ocrx_word' id='word_1_174' title='bbox 1265 3303 1524 3405; x_wconf 87' lang='lat' dir='ltr'>similitudo,</span> <span class='ocrx_word' id='word_1_175' title='bbox 1558 3302 1696 3419; x_wconf 84' lang='lat' dir='ltr'>quem</span> <span class='ocrx_word' id='word_1_176' title='bbox 1712 3309 1754 3390; x_wconf 91' lang='lat' dir='ltr'>b.</span> <span class='ocrx_word' id='word_1_177' title='bbox 1783 3316 1944 3423; x_wconf 81' lang='lat' dir='ltr'>Auctor</span> 
     </span>
     <span class='ocr_line' id='line_1_21' title="bbox 261 3461 973 3579; baseline -0.007 -34"><span class='ocrx_word' id='word_1_178' title='bbox 261 3489 347 3545; x_wconf 87' lang='lat' dir='ltr'>non</span> <span class='ocrx_word' id='word_1_179' title='bbox 374 3461 673 3546; x_wconf 83' lang='lat' dir='ltr'>observaverat</span> <span class='ocrx_word' id='word_1_180' title='bbox 969 3572 973 3579; x_wconf 10' lang='grc' dir='ltr'><strong>ἢ</strong></span> 
     </span>
    </p>

    <p class='ocr_par' dir='ltr' id='par_1_11' title="bbox 246 3605 1945 4778">
     <span class='ocr_line' id='line_1_22' title="bbox 399 3605 1941 3717; baseline 0.001 -23"><span class='ocrx_word' id='word_1_181' title='bbox 399 3613 570 3694; x_wconf 83' lang='lat' dir='ltr'>Descr.</span> <span class='ocrx_word' id='word_1_182' title='bbox 626 3608 823 3706; x_wconf 77' lang='lat' dir='ltr'>„statura</span> <span class='ocrx_word' id='word_1_183' title='bbox 867 3629 911 3691; x_wconf 85' lang='lat' dir='ltr'>et</span> <span class='ocrx_word' id='word_1_184' title='bbox 950 3605 1120 3693; x_wconf 88' lang='lat' dir='ltr'>habitus</span> <span class='ocrx_word' id='word_1_185' title='bbox 1148 3612 1349 3717; x_wconf 80' lang='lat' dir='ltr'>Brumae,</span> <span class='ocrx_word' id='word_1_186' title='bbox 1391 3609 1443 3691; x_wconf 85' lang='lat' dir='ltr'>eb</span> <span class='ocrx_word' id='word_1_187' title='bbox 1484 3605 1675 3692; x_wconf 81' lang='lat' dir='ltr'>affinibus</span> <span class='ocrx_word' id='word_1_188' title='bbox 1705 3608 1868 3695; x_wconf 84' lang='lat' dir='ltr'>Ballero</span> <span class='ocrx_word' id='word_1_189' title='bbox 1896 3633 1941 3696; x_wconf 90' lang='lat' dir='ltr'>et</span> 
     </span>
     <span class='ocr_line' id='line_1_23' title="bbox 259 3754 1945 3873; baseline -0.001 -24"><span class='ocrx_word' id='word_1_190' title='bbox 259 3766 452 3866; x_wconf 85' lang='lat' dir='ltr'>„Furono</span> <span class='ocrx_word' id='word_1_191' title='bbox 493 3756 747 3845; x_wconf 87' lang='lat' dir='ltr'>difficillime</span> <span class='ocrx_word' id='word_1_192' title='bbox 793 3754 1141 3872; x_wconf 82' lang='lat' dir='ltr'>distinguendus.·.</span> <span class='ocrx_word' id='word_1_193' title='bbox 1214 3760 1371 3873; x_wconf 82' lang='lat' dir='ltr'>Corpus</span> <span class='ocrx_word' id='word_1_194' title='bbox 1415 3757 1537 3841; x_wconf 88' lang='lat' dir='ltr'>valde</span> <span class='ocrx_word' id='word_1_195' title='bbox 1576 3786 1859 3873; x_wconf 84' lang='lat' dir='ltr'>compressum</span> <span class='ocrx_word' id='word_1_196' title='bbox 1898 3784 1945 3847; x_wconf 86' lang='lat' dir='ltr'>et</span> 
     </span>
     <span class='ocr_line' id='line_1_24' title="bbox 257 3906 1944 4025; baseline -0.001 -30"><span class='ocrx_word' id='word_1_197' title='bbox 257 3910 446 4015; x_wconf 83' lang='lat' dir='ltr'>„latum,</span> <span class='ocrx_word' id='word_1_198' title='bbox 476 3909 656 4025; x_wconf 87' lang='lat' dir='ltr'>pedale,</span> <span class='ocrx_word' id='word_1_199' title='bbox 698 3906 922 3992; x_wconf 87' lang='lat' dir='ltr'>latitudine</span> <span class='ocrx_word' id='word_1_200' title='bbox 949 3938 984 4013; x_wconf 54' lang='grc' dir='ltr'>ξ.</span> <span class='ocrx_word' id='word_1_201' title='bbox 1042 3913 1221 3996; x_wconf 84' lang='lat' dir='ltr'>Dorsum</span> <span class='ocrx_word' id='word_1_202' title='bbox 1249 3931 1344 3994; x_wconf 88' lang='lat' dir='ltr'>ante</span> <span class='ocrx_word' id='word_1_203' title='bbox 1372 3906 1544 4022; x_wconf 89' lang='lat' dir='ltr'>pinnam</span> <span class='ocrx_word' id='word_1_204' title='bbox 1572 3910 1749 3992; x_wconf 85' lang='lat' dir='ltr'>rotunde</span> <span class='ocrx_word' id='word_1_205' title='bbox 1778 3912 1944 4022; x_wconf 81' lang='lat' dir='ltr'>angula·</span> 
     </span>
     <span class='ocr_line' id='line_1_25' title="bbox 258 4056 1943 4174; baseline -0.001 -27"><span class='ocrx_word' id='word_1_206' title='bbox 258 4083 409 4165; x_wconf 89' lang='lat' dir='ltr'>„tum,</span> <span class='ocrx_word' id='word_1_207' title='bbox 449 4090 560 4174; x_wconf 89' lang='lat' dir='ltr'>pone</span> <span class='ocrx_word' id='word_1_208' title='bbox 588 4058 761 4174; x_wconf 88' lang='lat' dir='ltr'>pinnam</span> <span class='ocrx_word' id='word_1_209' title='bbox 793 4059 876 4143; x_wconf 85' lang='lat' dir='ltr'>late</span> <span class='ocrx_word' id='word_1_210' title='bbox 905 4063 1188 4145; x_wconf 88' lang='lat' dir='ltr'>rotundatum.</span> <span class='ocrx_word' id='word_1_211' title='bbox 1246 4060 1461 4145; x_wconf 83' lang='lat' dir='ltr'>Abdomen</span> <span class='ocrx_word' id='word_1_212' title='bbox 1490 4079 1587 4140; x_wconf 88' lang='lat' dir='ltr'>ante</span> <span class='ocrx_word' id='word_1_213' title='bbox 1617 4056 1705 4172; x_wconf 88' lang='lat' dir='ltr'>pin.</span> <span class='ocrx_word' id='word_1_214' title='bbox 1736 4063 1943 4157; x_wconf 78' lang='lat' dir='ltr'>ventrales</span> 
     </span>
     <span class='ocr_line' id='line_1_26' title="bbox 255 4205 1945 4325; baseline 0.001 -31"><span class='ocrx_word' id='word_1_215' title='bbox 255 4210 481 4325; x_wconf 60' lang='lat' dir='ltr'>„planum</span> <span class='ocrx_word' id='word_1_216' title='bbox 521 4240 633 4324; x_wconf 90' lang='lat' dir='ltr'>pone</span> <span class='ocrx_word' id='word_1_217' title='bbox 659 4212 828 4295; x_wconf 86' lang='lat' dir='ltr'>easdem</span> <span class='ocrx_word' id='word_1_218' title='bbox 858 4230 999 4323; x_wconf 79' lang='lat' dir='ltr'>argute</span> <span class='ocrx_word' id='word_1_219' title='bbox 1027 4211 1272 4297; x_wconf 79' lang='lat' dir='ltr'>carinarum.</span> <span class='ocrx_word' id='word_1_220' title='bbox 1333 4205 1607 4292; x_wconf 87' lang='lat' dir='ltr'>Interstitium</span> <span class='ocrx_word' id='word_1_221' title='bbox 1649 4207 1761 4292; x_wconf 85' lang='lat' dir='ltr'>inter</span> <span class='ocrx_word' id='word_1_222' title='bbox 1799 4242 1842 4325; x_wconf 92' lang='lat' dir='ltr'>p.</span> <span class='ocrx_word' id='word_1_223' title='bbox 1874 4213 1945 4297; x_wconf 85' lang='lat' dir='ltr'>ani</span> 
     </span>
     <span class='ocr_line' id='line_1_27' title="bbox 254 4356 1943 4463; baseline 0.002 -20"><span class='ocrx_word' id='word_1_224' title='bbox 254 4381 331 4463; x_wconf 83' lang='lat' dir='ltr'>„et</span> <span class='ocrx_word' id='word_1_225' title='bbox 359 4364 517 4445; x_wconf 86' lang='lat' dir='ltr'>caudae</span> <span class='ocrx_word' id='word_1_226' title='bbox 546 4359 851 4445; x_wconf 84' lang='lat' dir='ltr'>brevissimum.</span> <span class='ocrx_word' id='word_1_227' title='bbox 910 4362 1103 4446; x_wconf 82' lang='lat' dir='ltr'>Rostrum</span> <span class='ocrx_word' id='word_1_228' title='bbox 1132 4363 1417 4458; x_wconf 88' lang='lat' dir='ltr'>rotundatum,</span> <span class='ocrx_word' id='word_1_229' title='bbox 1449 4356 1660 4443; x_wconf 83' lang='lat' dir='ltr'>tantillum</span> <span class='ocrx_word' id='word_1_230' title='bbox 1693 4362 1802 4445; x_wconf 84' lang='lat' dir='ltr'>ultra</span> <span class='ocrx_word' id='word_1_231' title='bbox 1832 4393 1943 4446; x_wconf 85' lang='lat' dir='ltr'>max.</span> 
     </span>
     <span class='ocr_line' id='line_1_28' title="bbox 246 4507 1940 4626; baseline 0 -31"><span class='ocrx_word' id='word_1_232' title='bbox 246 4509 405 4616; x_wconf 68' lang='lat' dir='ltr'>„insen</span> <span class='ocrx_word' id='word_1_233' title='bbox 436 4512 692 4626; x_wconf 85' lang='lat' dir='ltr'>prominens.</span> <span class='ocrx_word' id='word_1_234' title='bbox 748 4513 891 4599; x_wconf 75' lang='lat' dir='ltr'>Hirtus</span> <span class='ocrx_word' id='word_1_235' title='bbox 927 4513 1001 4596; x_wconf 86' lang='lat' dir='ltr'>vix</span> <span class='ocrx_word' id='word_1_236' title='bbox 1040 4511 1167 4625; x_wconf 86' lang='lat' dir='ltr'>digiti</span> <span class='ocrx_word' id='word_1_237' title='bbox 1194 4507 1361 4594; x_wconf 89' lang='lat' dir='ltr'>minimi</span> <span class='ocrx_word' id='word_1_238' title='bbox 1392 4538 1538 4624; x_wconf 81' lang='lat' dir='ltr'>capax.</span> <span class='ocrx_word' id='word_1_239' title='bbox 1596 4510 1719 4595; x_wconf 82' lang='lat' dir='ltr'>Oculi</span> <span class='ocrx_word' id='word_1_240' title='bbox 1752 4511 1940 4616; x_wconf 86' lang='lat' dir='ltr'>maximi,</span> 
     </span>
     <span class='ocr_line' id='line_1_29' title="bbox 246 4658 1940 4778; baseline 0.002 -33"><span class='ocrx_word' id='word_1_241' title='bbox 246 4659 594 4776; x_wconf 78' lang='lat' dir='ltr'>„prominentes,</span> <span class='ocrx_word' id='word_1_242' title='bbox 642 4664 745 4752; x_wconf 73' lang='lat' dir='ltr'>iride</span> <span class='ocrx_word' id='word_1_243' title='bbox 774 4685 967 4778; x_wconf 84' lang='lat' dir='ltr'>argentea</span> <span class='ocrx_word' id='word_1_244' title='bbox 981 4725 994 4767; x_wconf 88' lang='lat'>,</span> <span class='ocrx_word' id='word_1_245' title='bbox 1038 4693 1159 4778; x_wconf 87' lang='lat' dir='ltr'>supra</span> <span class='ocrx_word' id='word_1_246' title='bbox 1194 4658 1475 4746; x_wconf 83' lang='lat' dir='ltr'>viridescente</span> <span class='ocrx_word' id='word_1_247' title='bbox 1514 4680 1559 4743; x_wconf 91' lang='lat' dir='ltr'>et</span> <span class='ocrx_word' id='word_1_248' title='bbox 1587 4660 1703 4746; x_wconf 85' lang='lat' dir='ltr'>fusco</span> <span class='ocrx_word' id='word_1_249' title='bbox 1730 4684 1940 4776; x_wconf 84' lang='lat' dir='ltr'>punctata.</span> 
     </span>
    </p>
   </div>
   <div class='ocr_carea' id='block_1_6' title="bbox 1448 4826 1499 4915">
    <p class='ocr_par' dir='ltr' id='par_1_12' title="bbox 1448 4826 1499 4915">
     <span class='ocr_line' id='line_1_30' title="bbox 1448 4826 1499 4915; baseline 0 -22"><span class='ocrx_word' id='word_1_250' title='bbox 1448 4826 1499 4915; x_wconf 76' lang='lat'>42</span> 
     </span>
    </p>
   </div>
   <div class='ocr_carea' id='block_1_7' title="bbox 0 0 2206 5895">
    <p class='ocr_par' dir='ltr' id='par_1_13' title="bbox 0 0 2206 5895">
     <span class='ocr_line' id='line_1_31' title="bbox 0 0 2206 5895; baseline 0 0"><span class='ocrx_word' id='word_1_251' title='bbox 0 0 2206 5895; x_wconf 95' lang='lat' dir='ltr'> </span> 
     </span>
    </p>
   </div>
  </div>
 </body>
</html>
