4404 5902
896 369 1045 426 εξ
1310 336 1313 341 ’
1751 368 1809 460 ²7

206 631 291 702 22.
348 583 760 699 LACERTA'
813 595 1235 697 caudiuolvulo.
1284 601 1415 698 TAB.
1456 602 1511 698 V.
1545 593 1634 731 fig.
1675 615 1722 701 3.
1818 663 1822 670 =

261 759 309 837 L.
333 752 525 867 corporis
554 750 736 868 squamis
781 748 1073 833 minutissimis
1113 749 1326 857 laevibus,
1383 751 1517 837 cauda
1548 746 1810 869 longiuscula

109 905 380 1004 laevissima,
408 905 550 988 subtus
580 903 700 1020 apice
727 905 853 987 rubro
880 901 1084 1015 nigroque
1112 903 1339 1017 variegata.

255 1064 371 1144 Haec
412 1040 579 1170 quoque
621 1042 906 1140 conterraneis
944 1058 1097 1167 Kyhn-
1112 1059 1261 1143 Gitrbel
1299 1087 1371 1142 seu
1412 1061 1590 1142 Lacerta
1624 1054 1810 1143 humana

115 1214 260 1316 audit,
301 1231 346 1294 et
372 1203 660 1326 superstitiose
689 1208 856 1295 colitur.
928 1206 1102 1293 Habitat
1141 1207 1295 1295 iisdem
1324 1241 1420 1295 cum
1450 1211 1733 1324 praecedente
1762 1208 1809 1295 in

112 1362 381 1480 regionibuS,
437 1362 511 1445 sed
553 1359 737 1444 maxime
777 1365 889 1444 inter
929 1374 1093 1463 arenas,
1152 1391 1176 1443 a
1211 1362 1413 1476 squalidis
1451 1384 1496 1446 et
1525 1359 1643 1445 salsis
1671 1346 1847 1448 aliena‘

114 1517 241 1607 locis.
311 1518 526 1624 frequens
571 1510 700 1596 etiam
740 1510 786 1597 in
819 1511 1021 1597 sabuletis
1051 1514 1103 1597 ad
1132 1512 1258 1617 Irtin,
1315 1516 1505 1628 adeoque
1534 1543 1810 1628 peromnem

114 1665 333 1756 Tatariam
374 1693 581 1778 magnam.
667 1663 831 1778 Agilior
863 1686 946 1768 est,
1001 1687 1049 1749 ut
1095 1664 1281 1749 tenerior
1306 1688 1353 1749 et
1379 1665 1532 1750 minor.
1601 1673 1810 1781 Percepto

113 1819 297 1908 inimico
336 1819 513 1902 caudam
551 1818 783 1902 coloratam
824 1847 965 1901 versus
1006 1821 1174 1902 dorsum
1214 1817 1260 1900 in
1297 1814 1453 1932 spiram
1493 1817 1808 1934 promptissime

111 1972 322 2072 revolvit,
349 1971 465 2087 quod
490 1967 537 2052 in
564 1969 682 2053 nulla
709 1967 793 2053 alia
820 1968 963 2086 specie
987 1968 1098 2055 ridi.

256 2131 432 2211 Descr.
487 2122 774 2236 Magnimdine
823 2124 1148 2236 praecedentem
1189 2155 1403 2242 nunquam
1445 2146 1619 2240 aequat3
1664 2127 1808 2235 forma

115 2278 360 2380 simillima,
391 2298 435 2360 et
464 2277 517 2360 ad
544 2273 752 2388 juniorem
783 2275 946 2390 prolem
975 2281 1024 2358 L.
1040 2286 1198 2363 auritus
1226 2277 1286 2362 ita
1316 2275 1502 2376 accedit,
1532 2300 1580 2361 ut
1607 2281 1660 2362 de
1687 2275 1809 2361 iden·

114 2435 242 2520 ritate
290 2427 442 2514 dubius
483 2427 677 2531 haereas,
733 2426 819 2511 nisi
858 2429 1049 2512 defectus
1092 2429 1374 2545 appendicum
1414 2452 1723 2544 mystaceorum
1762 2448 1808 2512 et

109 2612 306 2700 squamae
345 2580 393 2665 in
442 2580 528 2667 hac
567 2577 890 2685 minutissimae,
945 2611 1027 2665 nec
1065 2580 1331 2696 prominulae
1356 2586 1588 2670 obstarent.
1655 2584 1807 2666 Forma

115 2735 286 2854 capitis,
316 2735 456 2820 dentes
482 2720 634 2821 collum
656 2731 955 2833 constrictum,
979 2731 1184 2819 lateribus
1209 2762 1421 2848 ‹mgosum‚
1450 2745 1561 2852 plico
1584 2737 1663 2821 sub
1690 2732 1806 2819 collo

112 2888 372 3004 subduplex,
430 2889 561 2971 altera
588 2888 640 2969 ad
668 2915 793 2968 anum
822 2908 865 2969 et
887 2887 1107 2972 obsoletae
1137 2889 1190 2971 ad
1216 2884 1338 2971 basin
1377 2888 1600 2993 femorum,
1661 2887 1804 3002 pedes,
1883 2928 1887 2933 ’

114 3044 340 3155 digitorum
366 3038 585 3154 proportio
612 3057 657 3121 et
683 3036 919 3151 longissimi
941 3039 993 3122 in
1031 3038 1187 3153 plantis
1228 3060 1450 3139 serratura,
1507 3062 1656 3126 exacte
1683 3059 1732 3120 ut
1757 3035 1806 3122 in

111 3198 359 3310 heliosmpa.
414 3193 500 3277 Sed
526 3219 723 3306 squamae
750 3189 797 3274 in
822 3213 915 3275 toto
943 3218 1118 3304 corpore
1147 3190 1435 3302 subaequales,
1466 3192 1630 3297 laeves,
1680 3194 1804 3280 mini·

113 3376 226 3451 mae,
283 3347 418 3432 cauda
457 3343 652 3458 longior,
707 3340 799 3428 basi
830 3342 967 3426 minus
994 3341 1260 3445 incrassata,
1293 3341 1531 3456 aequaliter
1559 3346 1805 3447 adtenuata,

111 3502 255 3584 subtus
297 3532 321 3584 a
362 3496 506 3582 medio
548 3499 603 3581 ad
646 3493 812 3612 apicem
852 3492 1087 3610 interrupte
1128 3493 1249 3609 nigra
1273 3514 1321 3576 et
1346 3495 1489 3601 rubra,
1545 3499 1803 3615 tandemque

115 3652 233 3736 color
260 3650 436 3736 dorsalis
461 3648 605 3734 lateris
629 3647 766 3762 magis
794 3678 933 3753 canus,
963 3647 1167 3732 obsoletis
1195 3645 1316 3762 quasi
1343 3645 1491 3734 rivulis
1520 3649 1804 3764 longitudina·
1928 3654 1940 3660 ’

114 3801 224 3888 libus
248 3801 438 3910 flavidis,
467 3801 637 3889 cinereo
665 3799 908 3915 marginatis
936 3799 1208 3915 variegatus,
1227 3851 1278 3868 -
1307 3802 1493 3917 speciem
1523 3802 1801 3919 distinguunt.

114 3957 344 4074 iongitudo
364 3979 455 4044 tota
479 3955 609 4069 vulgo
628 3957 690 4043 δ”.
711 3953 780 4044 3’”.
804 3956 963 4040 caudae
984 3953 1044 4042 2‘'.
1060 3952 1216 4070 capitis
1231 3953 1301 4042 5⁷⁹.
1334 3953 1515 4039 latitudo
1528 3957 1717 4068 ejusdem
1731 3959 1802 4062 4⁰2

270 4238 353 4324 23.
426 4221 831 4323 LACERTA
884 4227 1122 4348 pipicus.
1183 4226 1318 4318 TAB.
1367 4224 1422 4316 V.
1458 4215 1633 4348 siga.

246 4420 296 4502 L.
324 4413 465 4531 capite
491 4414 698 4527 oblongo,
737 4412 923 4526 squamis
951 4413 1102 4529 capitis
1123 4414 1316 4529 corporis
1344 4415 1582 4525 caudaeque
1611 4408 1801 4526 granula·

121 4563 168 4654 tis
194 4567 406 4676 minimis,
433 4595 610 4682 corpore
638 4568 809 4683 glauco',
838 4564 1310 4652 fusco-subimbricato.

252 4728 372 4808 Hanc
414 4720 606 4807 omnium
644 4703 912 4821 nostratium,
969 4716 1058 4802 imo
1094 4720 1202 4803 forte
1230 4718 1360 4804 totius
1388 4717 1521 4824 orbis,
1578 4719 1800 4810 minimam

125 4872 303 4990 speciem
345 4869 458 4962 mihi
498 4903 704 4990 nusquam
743 4867 926 4985 contigit
959 4872 1201 4977 observare,
1259 4903 1385 4989 quam
1411 4873 1457 4959 in
1484 4895 1628 4960 monte
1655 4877 1803 4995 Bogdo

504 5044 507 5049 '
1321 5034 1343 5079 ᾗ
