4404 5902
266 348 370 435 m.
1036 324 1322 411 ῌ,

266 548 449 659 (praeter
488 542 668 629 fulcrum
706 540 846 637 antiae
886 541 1115 649 minutum)
1157 536 1245 622 rad.
1280 548 1342 629 ιδ.
1381 563 1561 653 quorum
1598 534 1686 622 duo
1723 534 1955 627 anteriores

264 694 532 807 cartilaginei
561 694 760 810 quidem,
791 693 865 776 sed
892 687 1123 806 simplices.
1180 691 1308 803 Spina
1333 688 1592 790 uertebralr's,
1623 717 1722 773 cum
1749 690 1956 804 processi·

265 832 343 931 bns
370 845 551 958 spinosis
577 865 623 928 et
648 840 911 944 transversis,
939 837 1251 944 mantissimas,
1285 840 1365 933 sed
1390 860 1533 935 costae,
1561 837 1698 933 exiles
1727 862 1772 925 et
1800 840 1957 925 aristae

265 991 340 1076 vix
367 994 479 1079 ullae
508 994 555 1079 in
582 1013 702 1078 tanto
729 991 860 1107 pisce.
887 992 987 1079 cui
1013 994 1126 1075 bono
1153 989 1296 1103 itaque
1323 995 1486 1075 Natura
1511 1011 1577 1074 tot
1604 986 1742 1105 pisces
1769 990 1962 1085 taediosi.

266 1141 653 1254 aristisjnstruxit,
683 1141 838 1226 sisino
867 1144 955 1229 illis
986 1164 1125 1227 motus
1152 1141 1435 1233 musculorum
1458 1138 1617 1239 firmati
1644 1139 1822 1269 potuit?
1855 1143 1960 1231 Car·

263 1322 334 1399 nes
362 1300 515 1393 Percae
542 1292 723 1380 Lubraci
749 1296 916 1400 firmae,
943 1294 1085 1396 albae,
1115 1293 1373 1387 lamellosas.

722 1562 837 1669 176.
898 1556 1115 1655 PERC
1134 1561 1177 1651 A
1239 1558 1492 1655 Acerina.

403 1748 450 1830 P.
463 1742 605 1859 pinnis
620 1745 852 1838 dorsalibus
865 1745 1075 1841 continuis
1088 1744 1300 1829 maculosa
1314 1742 1447 1858 spinis
1469 1777 1529 1854 ¹7·
1549 1740 1689 1858 capite
1709 1772 1959 1833 cavernoso.

481 1901 611 1979 Perea
652 1897 924 2001 tanai‘censiS,
980 1899 1192 1983 Goldent.
1229 1896 1337 1979 Nov.
1373 1896 1558 1980 Coment.
1598 1898 1803 2012 Petropol.
1832 1897 1957 1985 XIX.

536 2078 578 2159 p·
608 2061 702 2156 457.
732 2048 818 2133 tab.
854 2085 915 2131 11.

479 2200 610 2282 Perea
638 2197 833 2302 Acerina,
872 2201 1042 2285 Gmelin.
1075 2199 1190 2308 Syst.
1220 2199 1311 2281 Lin.
1339 2196 1417 2280 ΠΙ.
1445 2227 1487 2310 p.
1522 2206 1638 2282 1321.
1664 2226 1730 2309 sp.
1759 2210 1831 2304 54.

374 2347 568 2438 Cosaccis
613 2348 666 2432 ad
706 2356 888 2433 Tanai'm
933 2347 1191 2463 superiorem
1227 2350 1483 2455 Biritschok,
1545 2347 1657 2434 infra
1697 2351 1959 2454 Bonchis

427 2496 671 2586 Malorossis
698 2500 859 2609 Babyr.

400 2660 452 2736 In
486 2651 682 2736 omnibus
716 2679 858 2733 versus
892 2656 1069 2735 Pontum
1109 2672 1154 2735 et
1193 2651 1456 2737 Maeotidem
1497 2650 1771 2738 tendentibus
1811 2652 1947 2738 fluviis

260 2802 444 2892 occurrit
473 2802 690 2915 frequens,
731 2830 817 2885 non
855 2799 902 2883 in
936 2801 1024 2884 illis
1058 2802 1134 2914 qui
1167 2802 1214 2887 in
1251 2832 1364 2888 mare
1396 2802 1583 2918 caspium
1609 2803 1681 2885 vel
1707 2800 1946 2897 balthicum

262 2983 419 3066 squam
443 2946 691 3049 devehunta
739 2981 823 3047 aec,-
844 2953 966 3039 detur
992 2949 1044 3043 iu,
1066 2953 1157 3039 ulio
1183 2952 1363 3045 Sibirise
1392 2953 1542 3057 flutio,
1599 2982 1707 3067 quae
1733 2953 1870 3041 solam
1896 2960 1936 3038 Ρ.

259 3101 514 3193 fluviatilem
538 3122 585 3196 et
610 3101 819 3197 Cernuam
846 3102 979 3206 alunt,
1006 3133 1135 3216 usque
1164 3103 1209 3189 in
1234 3104 1494 3195 orientalem.
1513 3104 1741 3217 angulum...
1771 3102 1935 3220 Capitur

261 3253 392 3337 etiam
419 3249 472 3337 in
494 3250 611 3343 omui
638 3252 791 3367 palude
819 3251 1064 3353 Maeotica,
1115 3283 1201 3339 noa
1236 3253 1294 3339 in.
1321 3261 1473 3341 Ponto.
1539 3259 1703 3370 Sapore-
1732 3255 1930 3342 Cernusnr

260 3400 493 3491 mtecellit.

397 3555 438 3637 N
447 3574 510 3639 ot.
568 3552 725 3641 niffen
752 3588 777 3640 a
804 3557 993 3660 Cernua,
1049 3587 1130 3670 qua
1178 3564 1309 3670 major
1349 3581 1438 3658 est,
1492 3557 1632 3676 capite
1671 3581 1771 3645 ante
1798 3556 1924 3644 oculos

261 3704 385 3788 valde
414 3705 636 3817 elongato,
677 3707 812 3793 oculis
840 3709 973 3799 multo
1000 3711 1248 3819 majoribus,
1294 3740 1468 3825 corpore
1496 3709 1772 3823 oblongiore,
1799 3710 1920 3796 colore

259 3853 524 3966 maculisque.
547 3856 795 3959 majoribus,
834 3859 1080 3971 praesentim
1107 3892 1284 3959 numero
1311 3862 1529 3953 radiorum.
1548 3860 1595 3947 in
1622 3860 1768 3979 pinnis
1792 3886 1835 3951 et
1858 3860 1915 3944 ht·

257 4007 475 4093 ramsola
517 4005 673 4097 dorsali
710 4009 931 4095 maculata.
999 4013 1136 4106 Caput
1175 4044 1306 4126 aeque,
1347 4042 1631 4107 cavernosum.
1701 4009 1911 4130 Longitudo

258 4156 420 4243 adultis.
449 4157 577 4270 vulgo
609 4165 676 4262 ιμ’.
711 4170 797 4247 6’”..
830 4162 915 4250 sed.
944 4163 1187 4257 observatur
1225 4163 1438 4255 interdum
1478 4162 1812 4281 astupouiearis,
1856 4149 1906 4247 cui

256 4329 394 4422 ceput.
411 4324 481 4407 au.
505 4320 584 4414 Ψ.

862 4560 1308 4595 ’'-u-u—-q-
