4404 5902
995 321 1172 387 z
1827 300 1936 398 -10'5

250 512 578 624 brevioresque,
605 502 800 596 laterales
833 511 929 595 fere·
949 513 1003 596 ad
1031 510 1169 596 sinum
1196 508 1280 596 oris
1306 507 1605 626 pertingentes.
1636 563 1686 579 -
1715 513 1777 599 Os
1812 514 1936 599 valde

249 664 464 766 exsertile,
495 660 632 746 minus
659 661 783 746 hians
812 693 938 777 quam
966 661 1012 746 in
1042 662 1248 768 Sturione,
1277 661 1485 777 labiisque
1514 686 1557 747 et
1585 662 1774 748 maxillis
1798 664 1936 750 minus

247 815 394 904 crassis
422 836 467 899 et
493 812 756 930 prominulis.
824 815 963 900 Palati
1000 814 1141 921 fornix
1182 813 1365 899 anterius
1408 815 1674 928 granulosus,
1728 813 1934 930 posterius

246 968 359 1083 mgis
389 964 570 1052 arcuatis
597 965 856 1080 subseptenis
900 969 1155 1080 respondens
1198 964 1289 1050 basi
1325 963 1621 1051 branchiarum
1647 965 1850 1052 tumidae.
1878 951 1936 1033 ὲ-

246 1121 379 1205 Nares
406 1117 455 1201 in
482 1116 573 1202 basi
599 1116 724 1202 rostri
753 1141 849 1202 ante
878 1117 1022 1202 oculos
1048 1118 1262 1215 laterales,
1302 1126 1455 1232 priores
1483 1115 1811 1231 longitudinales
1839 1120 1935 1212 sub-

249 1271 432 1354 rotundo
448 1318 462 1332 ·
477 1268 642 1373 ovales,
671 1278 911 1384 posteriores
937 1267 1206 1353 transversim
1234 1268 1347 1352 ovali
1373 1268 1602 1380 oblongae,
1631 1268 1765 1354 limbo
1795 1269 1933 1354 antica

248 1443 453 1519 curace03
508 1449 658 1503 carum
700 1417 813 1503 striis
859 1419 1135 1523 distantibus,
1193 1418 1319 1505 fuscis
1361 1418 1594 1535 grossisque
1637 1422 1863 1520 stellatum.
1882 1469 1933 1488 -·

247 1572 383 1656 Oculi·
397 1570 611 1666 laterales,
639 1568 752 1653 inter
780 1600 1034 1684 congeneres
1062 1569 1299 1683 majusculi,
1328 1572 1456 1685 plano
1471 1621 1485 1635 ·
1499 1569 1760 1686 prominuli,·
1801 1572 1932 1657 Irides

245 1719 777 1833 flavescenti-argenteae,
820 1722 1006 1836 superius
1036 1725 1151 1807 susco
1178 1721 1441 1807 inumbratae
1455 1758 1471 1818 ‚-
1511 1729 1671 1837 pupilia
1698 1721 1933 1807 circularis.

250 1921 297 1940 -
326 1872 428 1956 Pori
456 1872 654 1988 auditorii
677 1871 869 1986 proxime
900 1873 953 1956 ad
979 1896 1169 1987 tempora
1195 1871 1242 1956 in
1269 1901 1441 1957 carnosa
1467 1896 1606 1987 parte,
1650 1873 1795 1957 medio
1822 1872 1935 1956 inter

250 2025 395 2110 oculos
425 2044 469 2105 et
496 2020 714 2106 scissuram
743 2023 1052 2128 branchialern,
1095 2022 1289 2109 lunulati.
1316 2072 1373 2089 —-
1414 2024 1620 2137 Operculo
1647 2024 1934 2109 bracchiorum

249 2198 365 2290 parte
395 2173 519 2258 molli
548 2173 783 2286 granulata,
825 2176 969 2261 medio
998 2176 1116 2261 disco
1145 2175 1245 2260 stria
1274 2174 1444 2289 gemina
1471 2173 1791 2291 longitudinali,
1833 2205 1933 2293 qua·

250 2355 497 2438 quaversum
523 2322 642 2408 strias
669 2326 933 2412 cicatricosas
974 2327 1178 2412 stellatim
1219 2351 1460 2441 spargente,
1518 2330 1601 2426 sub,
1622 2324 1781 2411 isthmo
1809 2325 1932 2440 gulae

251 2477 333 2560 lato
360 2474 565 2587 brevique
593 2474 788 2590 utrinque
818 2482 982 2563 adnata.
1015 2532 1063 2544 -
1094 2482 1323 2564 Branchiae
1350 2477 1536 2564 barbulis
1565 2477 1854 2592 simplicibus,
1883 2498 1933 2565 ut

252 2624 541 2729 inSturione,
598 2631 672 2712 sed
707 2627 896 2744 pectines
935 2627 1144 2716 rhacheos
1186 2629 1318 2742 magis
1346 2661 1485 2714 versus
1514 2661 1560 2716 os
1587 2627 1754 2713 remoti.
1812 2627 1930 2712 Plica

251 2800 423 2864 cutacea
451 2775 664 2862 circularis
691 2777 737 2863 in
766 2779 965 2866 interiore
1005 2783 1299 2898 operculorum
1340 2780 1463 2866 facie.
1498 2831 1555 2848 -
1601 2784 1759 2895 Corpus
1786 2784 1934 2869 admo·

250 2929 348 3014 (lum
376 2959 617 3036 mucosum,
674 2936 968 3046 pentaedrum,
1027 2937 1178 3048 angulo
1217 2932 1373 3017 dorsali
1401 2931 1703 3044 argustissirno,
1761 2932 1849 3018 fere
1879 2935 1934 3017 ad

250 3079 433 3167 nucharn
461 3081 684 3183 altissimo,
714 3084 970 3168 ventralibus
997 3084 1197 3170 obsoletis
1210 3121 1224 3179 ;
1262 3081 1391 3165 facies
1420 3083 1602 3165 dorsales
1630 3081 1945 3196 planiusculae,

249 3229 442 3318 laterales
470 3259 705 3336 convexae,
738 3234 937 3348 ventralis
966 3236 1105 3350 plana.
1163 3238 1331 3319 Scutula
1360 3231 1540 3315 dorsalia
1568 3233 1834 3337 subcordata,
1871 3264 1933 3318 ar·

249 3406 343 3495 gute
375 3380 584 3485 carinata,
613 3383 775 3469 radiato
804 3388 962 3484 scabra,
990 3408 1212 3471 retrorsum
1241 3380 1361 3496 spina
1388 3404 1643 3485 mucronata,
1672 3412 1847 3468 numero
1868 3397 1931 3470 15.
2042 3379 2045 3384 ¹

248 3562 424 3648 quorum
453 3532 635 3648 primum
663 3535 895 3620 maximum
922 3534 1086 3620 nuchae
1114 3534 1339 3637 coalitum,
1383 3532 1579 3617 ultimum
1607 3565 1632 3616 a
1657 3532 1788 3649 pinna
1817 3534 1932 3620 dor'si

243 3683 391 3805 distat.
461 3689 610 3771 Lineae
636 3674 821 3773 lateralis
847 3689 1022 3772 scutella
1048 3686 1242 3800 utrinque
1273 3700 1338 3795 67.
1365 3685 1599 3798 trapezina,
1654 3685 1827 3799 oblique
1855 3685 1933 3771 im·

250 3834 434 3933 bricata,
460 3835 641 3941 radiata,
683 3837 911 3951 obsoletius
940 3839 1142 3940 carinata,
1184 3836 1485 3949 denticuloque
1514 3858 1738 3921 retrorsum
1767 3836 1930 3919 minuto

247 4009 503 4073 mucronata.
571 3991 749 4076 scutella
790 3997 990 4074 neutralia
1029 3989 1224 4104 utrinque
1274 4003 1334 4075 15.
1377 3984 1686 4071 obsoletissime
1730 3985 1928 4089 casinate,

248 4136 458 4223 distantia.
529 4144 644 4225 Ante
670 4141 843 4256 pinnam
876 4139 942 4223 ani
975 4139 1152 4225 ossicula
1179 4141 1303 4254 plana
1334 4159 1511 4252 quatuor
1537 4134 1781 4222 continuata
1809 4135 1932 4234 serie,

243 4316 423 4407 ⁸qnorum
450 4288 635 4406 primurn
664 4293 930 4411 etbultimum
959 4289 1382 4405 oblongo-linearia.
1438 4298 1660 4416 Praeterea
1686 4297 1843 4374 lomina
1869 4288 1932 4373 in·

248 4437 373 4553 signis
402 4469 544 4542 ossea,
600 4415 885 4563 trapezoidea,
944 4445 1128 4529 casinate
1170 4465 1214 4526 et
1254 4441 1367 4526 striis
1394 4441 1573 4542 radiata,
1632 4411 1931 4555 utrinque-sub

248 4590 384 4700 pinnis
411 4593 695 4706 pectoralibus
725 4598 777 4681 ad
805 4595 970 4680 hiatum
997 4592 1309 4697 branchialem,
1352 4615 1395 4677 et
1430 4591 1602 4690 similis,
1647 4591 1804 4692 minor,
1834 4620 1933 4675 con·

248 4740 359 4857 tigua
397 4745 475 4834 sub
517 4749 736 4838 tuberculo
777 4746 998 4836 humeruli.
1071 4751 1240 4837 Corium
1281 4767 1496 4862 practerea
1532 4767 1666 4829 totum
1706 4741 1932 4861 squamulis
2042 4866 2045 4870 ἠ

1448 4917 1493 5003 rr
