4404 5902
911 257 1057 313 ω
1413 226 1417 231 ’
1732 241 1825 341 ³97

136 461 332 552 omnibns
367 458 529 574 magnis
555 457 798 544 Fennoniae
833 480 878 542 et
903 456 1076 544 Rossiae
1117 454 1464 546 occidentalioris
1491 463 1709 560 lacubus,
1749 461 1825 547 sed

133 615 266 700 etiam
303 644 328 698 e
367 613 473 698 mari
515 612 704 698 balthico
742 634 786 695 et
813 613 986 697 Oceano
1027 613 1189 698 arctico
1223 609 1272 696 in
1309 610 1460 697 Iluvios
1499 616 1735 730 complures
1777 640 1823 699 sa

132 790 437 868 exonerantes,
467 765 714 881 praesertim
743 766 884 851 Obum
915 789 957 849 et
985 772 1234 880 Kovyma-m,
1267 793 1415 878 magna
1442 765 1569 878 copia
1596 791 1641 851 et
1669 790 1822 852 turma·

135 921 222 1004 tim
251 920 535 1023 adscendunt,
563 917 652 1001 imo
680 916 726 1000 in
754 919 866 1002 freta
891 918 1100 1003 Hud-sonis
1127 917 1176 1001 in
1202 921 1243 1002 Il.
1274 920 1430 1001 Satern
1458 921 1636 1003 subeunt
1666 918 1821 1004 accolis

134 1074 360 1185 Ticlomeg
389 1069 523 1172 dicti,
551 1070 625 1155 ubi
652 1069 835 1184 sepiario
863 1100 991 1186 opere
1018 1100 1098 1182 per
1121 1074 1277 1172 flumen
1306 1073 1437 1154 ducto
1465 1069 1606 1158 indies
1653 1076 1705 1157 ad
1741 1085 1820 1159 5⁰0

130 1227 203 1312 vel
231 1246 430 1316 sexcenta
459 1227 555 1338 capi
583 1225 733 1322 solent,
763 1245 810 1306 et
835 1247 991 1309 aestate
1019 1255 1142 1340 saepe
1167 1224 1216 1307 in
1227 1225 1424 1339 depressa
1445 1255 1469 1306 a
1493 1224 1821 1317 Ildctibusinun·

130 1383 231 1466 data
258 1377 485 1490 ejiciuntur
512 1380 621 1485 (Aet.
654 1384 771 1490 angl,
793 1384 875 1460 vol.
906 1380 1059 1462 LXIII.
1087 1412 1126 1491 p.
1164 1384 1288 1487 154.)
1331 1376 1426 1462 Oua
1453 1399 1597 1463 autom
1624 1377 1821 1503 sobhye·

130 1559 246 1617 mem
270 1529 315 1614 in
344 1528 455 1615 locis
480 1528 684 1645 lapidosis
711 1527 940 1614 fluviorum
962 1529 1101 1614 fundit
1112 1530 1307 1633 sciaena,
1333 1531 1478 1615 colore
1492 1533 1613 1618 dana.
1642 1533 1822 1648 Clupea-

129 1717 223 1772 rum
264 1681 447 1767 maxime
483 1684 629 1766 turbas
659 1704 894 1785 sectantur,
936 1684 1038 1767 dnm
1071 1683 1117 1769 in
1148 1681 1269 1767 vadis
1296 1679 1468 1766 marinis
1494 1712 1573 1767 eva
1600 1709 1823 1803 spargunt,

128 1839 287 1956 quibus
311 1836 436 1921 avide
464 1805 717 1932 vescuntur,
749 1833 833 1950 ipsi
860 1835 1036 1921 interim
1063 1836 1299 1935 Phocarum
1325 1837 1484 1947 praeda
1511 1838 1652 1930 futu-ri.

270 1993 459 2076 Dasea.
516 1977 713 2073 Sibuicae
747 2000 962 2074 varietatis
992 1992 1216 2075 Scholsur
1253 1989 1408 2073 dictae.
1465 1987 1545 2120 Hie
1574 1992 1615 2075 S.
1645 1995 1823 2089 Multsdrt

127 2175 332 2263 perquam
357 2141 538 2244 similis,
578 2164 625 2225 ut
652 2141 823 2226 nonnisi
851 2165 1012 2227 attenta
1040 2141 1357 2259 comparatione
1397 2142 1697 2256 distinguatur,
1740 2150 1817 2233 sed

126 2307 262 2412 major
289 2296 441 2379 eodem
470 2315 512 2378 et
540 2301 749 2379 Lavareto
774 2293 992 2398 balthico,
1034 2329 1120 2415 quo
1146 2319 1190 2381 et
1217 2295 1357 2381 latior.
1416 2298 1553 2412 Caput
1580 2295 1818 2413 longiuscu-

125 2455 239 2554 lum,
271 2476 532 2552 convexum,
575 2447 711 2538 multo
737 2446 873 2531 minus
905 2479 1213 2565 compressum,
1256 2478 1383 2561 quam
1409 2447 1642 2563 sequentis,
1682 2476 1816 2540 rostro

121 2633 327 2723 perquam
355 2604 529 2701 obtuso,
559 2603 797 2686 rotundato.
856 2605 1040 2690 Maxilla
1065 2613 1252 2719 superior
1275 2601 1470 2718 longior,
1512 2601 1705 2717 pinguis,
1736 2606 1815 2690 eir·
1847 2615 1848 2618 ‘

123 2757 325 2845 culariter
354 2754 583 2853 fornicata,
612 2756 875 2859 bituberosa,
903 2755 1119 2840 tuberibus
1147 2755 1500 2871 obsoletioribus,
1541 2789 1667 2876 quam
1695 2758 1742 2842 in
1771 2763 1813 2847 S.

120 2915 322 2999 Muksr'rn.
366 2914 553 2993 'Lamina
582 2931 794 3022 mystacea
821 2909 974 2993 itidem
1000 2910 1109 3014 lata,
1139 2908 1491 3025 attali-oblonga.
1548 2915 1731 2999 Maxilla
1756 2923 1815 2998 ia·

107 3070 246 3180 serior
272 3064 320 3146 in
348 3061 491 3148 medio
519 3063 741 3145 tuberculo
768 3062 989 3175 marginali
1018 3064 1196 3147 minuto.
1225 3062 1289 3146 Os
1312 3060 1427 3145 intus
1454 3063 1581 3178 plane
1608 3066 1813 3179 glabrum,
1929 3176 1935 3185 Ι

119 3216 400 3317 edentulum,
455 3237 500 3297 ut
529 3237 572 3297 et
598 3220 753 3326 lingua.
823 3216 953 3300 Irides
982 3238 1233 3328 argenteae,
1271 3242 1394 3328 supra
1421 3216 1587 3314 suscae3
1651 3224 1812 3331 pupilla

119 3369 270 3457 antica
324 3369 535 3480 angulata,
614 3368 820 3482 Opercula
877 3397 1080 3483 perquam
1135 3370 1282 3453 obtuse
1338 3368 1557 3481 angulatar
1621 3371 1810 3458 Flabella

118 3526 380 3612 branclrr’alia
408 3519 620 3604 radiorum
650 3557 688 3628 9.
739 3524 898 3630 Corpus
927 3521 1336 3636 macrolepidotum,
1360 3519 1499 3606 minus
1527 3522 1684 3627 latum,
1715 3524 1808 3607 dor·

116 3702 299 3785 sumque
330 3674 469 3756 minus
495 3673 688 3784 gibbum,
720 3674 901 3759 anterius
931 3705 1191 3777 convexum,
1218 3695 1383 3761 tantum
1410 3704 1552 3760 versus
1580 3675 1692 3762 dorsi
1719 3677 1811 3794 pin·

121 3900 648 3926 Μ

108 4042 236 4116 Not.
290 4034 452 4126 Corsgani
478 4038 553 4106 fere
589 4062 713 4107 omnes
742 4041 931 4127 edentuli,
983 4063 1134 4109 nurnero
1161 4043 1320 4114 radiorum
1344 4050 1536 4136 planarum
1562 4045 1661 4112 dorsi
1686 4050 1725 4112 et
1750 4048 1809 4110 ani

225 4169 285 4228 vix
312 4160 580 4249 distinguendi,
607 4164 705 4252 pinna
731 4163 861 4252 aIIpota
887 4185 1020 4249 crassa,
1048 4185 1156 4253 saepe
1182 4167 1259 4232 basi
1285 4188 1477 4257 squamosa
1504 4165 1673 4256 praediti,
1698 4170 1808 4255 pin'na

227 4288 343 4351 caudae
371 4288 488 4349 mInus
516 4283 661 4367 valida,
701 4304 809 4370 qnam
836 4291 1053 4372 Trultacei,
1089 4308 1218 4378 squama
1247 4288 1292 4355 ad
1319 4293 1446 4378 pinnas
1472 4287 1657 4357 ventrales
1683 4306 1808 4355 omnes

223 4407 405 4497 praediti,
445 4405 544 4496 pinna
573 4406 656 4472 dorsi
680 4410 716 4471 in
744 4409 911 4473 omnibns
938 4416 1021 4476 ante
1049 4408 1233 4477 ventrales
1259 4413 1482 4499 inprlente,
1528 4429 1594 4475 nec
1620 4413 1657 4476 in
1684 4409 1809 4495 aequi·

221 4527 324 4593 libris
351 4531 498 4616 posita3
525 4548 648 4593 ornnes
675 4527 800 4595 colore
827 4535 1027 4617 argentata.
1055 4530 1253 4620 Appendices
1279 4531 1434 4621 pylarici
1461 4529 1625 4598 omnibus
1651 4532 1810 4618 copiosi3

219 4650 487 4738 avtdaparva,
515 4657 710 4716 contrane
740 4654 775 4715 in
800 4655 1018 4717 Truttaceis.
1072 4646 1601 4740 Caroalba,minnsrap1da.
1640 4656 1681 4718 ln
1707 4655 1812 4724 ean·

220 4767 413 4841 ltchatcae
441 4771 562 4841 fluviis
584 4775 787 4842 Trutttteeis
814 4776 1017 4863 panderes.
1448 4765 1453 4772 “
