4404 5902
1051 211 1199 264 a:
1289 240 1291 247 .

767 426 881 555 si9.
944 427 1221 528 PE‘RC'A
1288 437 1480 558 Asper.

418 715 465 795 P.
493 705 634 824 pinnis
662 706 776 794 dorsi
803 710 1035 815 continuis,
1064 706 1201 824 prime
1226 703 1351 820 nigro
1375 706 1546 796 fasciato
1573 705 1961 824 tredecimspinose,
2039 789 2043 797 .

276 858 463 975 squamis
492 859 704 975 asperetis.
1426 832 1429 839 Δ

498 1015 638 1126 Asper
665 1037 805 1114 verus,
835 1011 1023 1110 Streber,
1053 1013 1211 1094 Mersit.
1241 1009 1405 1095 Danub.
1423 1011 1473 1096 V.
1503 1043 1545 1125 p.
1563 1022 1628 1096 28.
1658 1011 1743 1097 tob.
1759 1043 1798 1116 9.
1815 1013 1901 1125 fig.
1916 1029 1958 1117 4.
2027 1111 2032 1127 ἱ
2157 1122 2161 1130 ἢ

555 1163 744 1269 Schoefer
771 1170 872 1274 pise.
899 1182 978 1245 rot.
1006 1194 1046 1276 p.
1078 1174 1144 1266 69.
1162 1166 1246 1272 fig.
1276 1174 1316 1246 6.
1344 1195 1385 1269 7.

497 1317 625 1396 Perea
655 1341 793 1426 asper,
823 1316 913 1397 Lin.
943 1330 1056 1422 systs
1075 1311 1171 1395 XII.
1199 1315 1233 1396 Ι.
1263 1345 1303 1426 ρ.
1331 1323 1427 1414 482.
1454 1343 1515 1426 sp.
1550 1325 1592 1398 3.

497 1468 624 1547 Perea
652 1462 899 1574 Volgensis,
957 1465 1063 1548 Poll.
1091 1471 1179 1547 itin.
1207 1465 1241 1545 I.
1272 1495 1312 1576 p.
1343 1475 1442 1568 461.
1466 1492 1563 1577 app.
1592 1493 1632 1551 n.
1663 1497 1731 1549 nr.
1787 1462 1960 1553 Gmelin.

556 1632 662 1724 syst.
689 1615 779 1695 Len.
808 1616 884 1696 ΙΙΙ.
913 1645 952 1726 ρ.
989 1624 1104 1720 1309.
1132 1644 1194 1724 sp.
1224 1626 1291 1698 36.

421 1838 426 1848 .
495 1769 623 1848 Perea
651 1784 785 1848 rostro
811 1761 1049 1866 nesiformi,
1093 1763 1220 1851 radiis
1256 1777 1316 1850 13.
1344 1763 1391 1849 in
1415 1764 1547 1879 pinne
1572 1764 1760 1879 dorsali,
1811 1767 1958 1851 Bloch.

552 1926 654 2029 piso.
680 1945 812 2026 gerpr.
839 1919 914 1997 ΠΙ.
946 1947 987 2027 ρ.
1022 1929 1108 2024 ¹7⁵·
1138 1948 1178 2000 n.
1208 1890 1247 2003 5.
1276 1915 1362 2002 tab.
1398 1949 1485 2022 ¹07·
1507 1919 1589 2029 fig.
1618 1919 1668 2001 V.
1700 1951 1738 2003 o.

386 2062 529 2151 Rossis
558 2067 611 2148 ad
639 2065 820 2178 Volgem
847 2069 1060 2164 Bersclrili,
1089 2069 1142 2151 ed
1168 2073 1331 2151 Tanain
1358 2068 1566 2152 Podsulok
1590 2089 1636 2164 et
1664 2070 1848 2164 Secreet.

415 2223 465 2300 In
501 2214 640 2300 fluviis
680 2217 811 2298 maria
852 2215 1087 2328 caspicum,
1131 2216 1392 2302 Moeoticum
1426 2238 1469 2300 et
1496 2217 1662 2332 nigrum
1691 2214 1956 2320 adeuntibus,

247 2367 522 2481 praesertim
549 2373 684 2450 Tanai
711 2389 754 2450 et
783 2367 943 2479 Volga,
977 2370 1175 2480 frequens
1201 2367 1383 2482 species,
1422 2367 1563 2452 inedie
1589 2366 1702 2453 inter
1727 2365 1958 2480 lucioper·

248 2545 368 2602 cam
388 2539 439 2640 ¹et
467 2526 503 2599 P.
535 2517 805 2616 fluviatilem,
833 2516 965 2631 priori
995 2517 1127 2631 magis
1155 2517 1316 2601 affiniss
1358 2515 1528 2629 utrique
1554 2541 1843 2632 comparatum
1870 2517 1959 2601 lere

250 2659 504 2781 hybridum
533 2669 722 2763 diceres‚·
752 2688 871 2750 extre
900 2699 1048 2781 aquam
1077 2668 1219 2753 statim
1247 2667 1473 2767 emoritur,
1501 2688 1549 2754 ut
1575 2666 1848 2784 Lucioperce.

414 2822 592 2903 Descr.
620 2821 771 2901 Formo
796 2819 885 2902 fere
912 2819 1222 2933 Luciopercae,
1249 2818 1376 2933 paulo
1404 2822 1588 2905 crassior.
1638 2822 1777 2931 Caput
1800 2816 1955 2924 simile,

263 2938 353 3052 sed
386 2969 500 3053 oculi
539 2966 702 3081 magni,
742 2954 1078 3082 protuberantes,
1122 2971 1288 3068 orales,
1329 2971 1432 3054 iride
1458 2969 1620 3083 postioe
1647 2967 1822 3071 latiore,
1865 2990 1957 3053 tota

267 3139 480 3232 argentea.
537 3120 743 3233 Operculo
770 3119 922 3232 angulo
950 3121 1192 3221 rotundato,
1223 3139 1270 3202 ut,
1294 3118 1339 3201 in
1368 3118 1640 3235 Lucioperce,
1668 3115 1809 3232 parvis
1836 3146 1955 3231 squa-

271 3270 358 3352 mis
383 3271 533 3354 obsita.
576 3272 726 3355 Dentes
753 3271 968 3354 multoties
996 3268 1190 3369 minores,
1219 3269 1294 3351 sed
1322 3259 1461 3351 antiee
1489 3267 1617 3373 etiem
1637 3297 1758 3385 supro
1778 3265 1956 3382 aliquot,

280 3436 325 3497 et
360 3421 466 3505 infra
505 3422 592 3506 duo
633 3418 679 3504 in
721 3419 841 3535 apice
883 3421 1083 3505 maxillae
1126 3426 1316 3530 majores.
1390 3419 1578 3505 Flobella
1620 3419 1956 3535 septemrediate.

284 3562 404 3655 Pinna
430 3574 542 3656 dorsi
569 3580 748 3656 anterior
773 3571 899 3656 radiis
935 3585 1007 3674 13,
1036 3570 1308 3682 rigidioribus
1333 3592 1377 3653 et
1404 3563 1693 3672 crassioribus,
1720 3569 1811 3653 lere
1835 3593 1882 3654 ut
1908 3569 1957 3653 in

289 3714 329 3798 P.
354 3720 569 3824 fluviatili,
597 3728 715 3807 lineis
740 3721 872 3837 nigris
896 3721 1297 3833 longitudinslibus‚
1330 3743 1379 3804 -et
1405 3719 1453 3804 in
1483 3707 1739 3836 Luciopercs
1765 3720 1956 3804 maculae

210 3966 212 3970 ¹
293 3887 357 3972 per
380 3891 415 3978 4.
444 3871 573 3956 series
612 3874 826 3986 digestae;
880 3880 1012 3958 altero
1050 3872 1209 3986 pinnae
1248 3902 1344 3987 pers
1384 3871 1513 3957 radiis
1543 3883 1608 3955 23.
1650 3868 1792 3984 primo
1819 3864 1956 3976 brevi,

210 4012 218 4125 ῗ,
299 4013 466 4122 ⁸pinoso,
495 4023 635 4108 fasciis
662 4022 1040 4137 longitudinelibus
1065 4023 1220 4137 nigris,
1256 4050 1430 4135 querum
1459 4049 1644 4106 summae
1671 4021 1956 4113 subeonfluen.

212 4150 221 4241 l
296 4172 357 4244 ¹0&
405 4177 450 4258 P.
495 4182 720 4287 pectorales
761 4172 977 4288 hyalinae,
1023 4175 1108 4258 red.
1146 4192 1205 4280 ¹4·
1247 4183 1447 4260 ventrales
1483 4176 1571 4258 rad.
1600 4207 1640 4282 7.
1686 4170 1812 4256 litura
1838 4159 1954 4255 fusse

298 4327 453 4408 ¹¹otniae.
527 4324 571 4407 P.
603 4339 672 4410 oni
699 4322 848 4410 rad.
821 4360 879 4407 ιι.
910 4327 1031 4440 nigro
1058 4327 1252 4429 liturate,
1293 4324 1413 4408 radio
1443 4322 1582 4437 primo
1617 4351 1773 4423 crasso,
1814 4317 1957 4424 brevi,

210 4523 225 4557 ι
300 4475 458 4559 ‘scindo
501 4476 745 4588 longiore
734 4498 837 4561 rtem
883 4475 1170 4589 spinescente,
1229 4472 1424 4559 omnibus
1463 4473 1598 4557 multo
1635 4467 1952 4605 robustioribus,

210 4623 400 4731 {lusui
412 4625 709 4744 Lu'ciopercee.
755 4629 905 4720 cauta
919 4627 1204 4815 subforcipete
1213 4623 1342 4713 radiis
1360 4639 1422 4718 15.
1459 4627 1617 4740 Corpus
1628 4594 1951 4742 megistanum,
1995 4664 1997 4667 ·
