4404 5902
341 422 433 509 ¹92
1113 412 1264 470 ΕΞ

343 633 464 702 sarlius
491 625 650 696 secundo
676 624 864 693 dimidium
890 622 1049 691 brevior.
1097 627 1211 690 i’inna
1236 617 1395 687 secunda
1427 637 1470 711 ¹9
1495 617 1652 690 ossicula
1678 625 1871 710 continet,
1903 622 2054 697 lrorun

343 774 368 823 a
396 757 579 822 anteriora
606 751 758 816 indivisa
797 755 838 816 ut
876 755 914 817 et
941 745 1132 814 auitima.
1196 749 1311 810 Pinna
1348 748 1457 811 tertia
1497 741 1539 811 r6
1573 743 1827 813 ossiculorum.
1893 749 2051 819 caudae

343 880 454 964 pinna
480 871 657 961 aequalis,
685 875 817 937 interni
835 870 936 935 -raslii
963 871 1124 936 externis
1143 870 1214 932 aix
1239 865 1285 931 ad
1312 885 1453 932 sensum
1474 865 1682 951 breviores,
1711 866 1826 933 cauda
1854 873 2051 939 musculo-

340 1016 407 1080 sa,
446 994 492 1061 ad
533 998 662 1082 pinnae
704 995 938 1058 insertionem
980 987 1173 1077 spathulae
1202 991 1458 1055 aut1vomeris
1486 987 1610 1075 figura.
1676 993 1791 1055 Prima
1812 994 1931 1080 pinna
1958 1002 2052 1082 post

342 1137 451 1183 anum
482 1135 524 1185 os
558 1110 715 1182 ossicula
742 1116 907 1180 continet
933 1135 976 1180 ac
1015 1110 1194 1177 secundae
1229 1114 1360 1198 pinnae
1394 1110 1492 1176 dorsi
1520 1116 1621 1176 recta
1647 1115 1867 1200 opponitur.
1923 1086 2052 1184 alten

335 1226 451 1331 ypinn'a
478 1244 563 1326 post
589 1256 697 1301 anum
728 1254 771 1325 17
798 1233 956 1300 ossicula
984 1238 1147 1300 oontinet
1171 1239 1217 1298 et
1250 1237 1383 1300 tertiae
1416 1235 1549 1320 pinnae
1575 1230 1673 1298 dorsi
1694 1238 2050 1322 rectaoppooitur.

438 1363 551 1424 linea
575 1354 738 1425 lateralis
767 1363 852 1443 post
877 1377 983 1422 anum
1013 1359 1157 1423 curvari
1185 1357 1339 1442 incipit,
1378 1353 1424 1420 ab
1459 1351 1543 1423 hinc
1577 1362 1678 1419 recta
1701 1352 1749 1419 ad
1772 1352 1932 1420 mediam
1959 1376 2054 1427 eau-

335 1479 425 1547 slam
449 1478 579 1548 tendit.
631 1483 769 1546 Vautsr
787 1476 901 1545 ⁴nalde
928 1497 1068 1543 crassus
1085 1475 1328 1550 «ettumidus.
1402 1480 1542 1541 tiorum
1569 1478 1722 1563 piscium
1746 1479 1907 1542 maxima
1934 1484 2054 1569 cop'n

335 1601 387 1668 ad
414 1621 523 1669 omne
547 1599 635 1667 litus
661 1602 758 1664 sinus
784 1596 1058 1687 panschinnici,
1095 1618 1172 1669 ‚non
1200 1604 1324 1663 tamen
1342 1600 1587 1665 aestimantur
1611 1616 1677 1662 nec
1695 1600 1926 1687 capiuntur,
1950 1600 2054 1677 lion

338 1719 438 1791 same
467 1742 575 1812 saepe
592 1727 641 1788 -et
666 1718 822 1790 multum
850 1727 1068 1808 :premantur
1100 1716 1269 1800 incolae,
1313 1715 1406 1785 hanc
1430 1716 1485 1783 ob
1508 1735 1686 1785 oausam:

416 1862 488 1912 imo
516 1842 616 1932 quod
644 1863 716 1908 noa
742 1842 998 1909 consueverint
1024 1843 1061 1904 in
1089 1843 1178 1904 mari
1205 1843 1337 1928 piscari

404 1966 477 2040 ado
505 1963 605 2052 quod
636 1966 751 2052 piscis
785 1984 852 2053 per
883 1984 922 2032 se
949 1982 1030 2035 oon
1061 1964 1230 2050 raptres,
1263 1963 1338 2029 nisi
1369 1959 1510 2050 butyro
1557 1959 1633 2031 sale
1661 1969 1709 2032 et
1730 1967 1861 2055 pipere
1880 1968 2053 2065 ‘largitu

495 2086 698 2155 condiatur
724 2085 773 2174 ii).

431 2212 518 2278 aris
543 2213 665 2276 autem
693 2205 889 2296 aliquando
922 2205 1051 2276 horum
1092 2209 1277 2297 piscatura
1311 2209 1435 2296 vmagni
1474 2204 1738 2295 emolumenti,
1770 2212 1809 2276 ·si
1833 2210 1973 2285 dassia
1998 2216 2051 2291 al

330 2335 471 2427 pstium
498 2330 601 2396 fluvii
625 2332 745 2395 Amur
772 2329 1016 2397 construenda
1041 2338 1150 2397 esset.

432 2451 606 2544 ‚Wacbnja
631 2457 733 2522 certe
761 2450 882 2521 nullus
909 2449 1000 2520 alius
1026 2459 1083 2519 est
1114 2456 1221 2540 piscis
1255 2470 1364 2541 quam
1391 2451 1512 2521 Gadus
1547 2451 1657 2520 dorso
1680 2455 1934 2546 tripterygio,
1978 2482 2049 2551 αι

335 2574 514 2659 cirrhato,
544 2571 704 2643 ossiculo
723 2576 920 2663 pinnarrun
946 2571 1166 2641 neutralium
1193 2577 1311 2663 primo
1339 2578 1376 2642 in
1396 2572 1546 2661 longam
1568 2577 1881 2664 setamproducto
1894 2586 2049 2657 arteria

335 2718 399 2766 seu
426 2696 561 2805 asellus
594 2694 716 2763 luscus
742 2692 977 2783 Willugheyii
1003 2694 1170 2783 Append.
1205 2714 1252 2766 aa
1278 2696 1465 2765 Germanis
1496 2695 1632 2762 dicitur
1657 2693 1787 2788 Dori&
1818 2710 2047 2799 proptera,

336 2817 438 2907 quod
465 2838 595 2908 sapore
621 2815 734 2882 refert
751 2813 883 2884 ,caules
908 2810 1034 2884 coctos
1061 2814 1263 2886 brassicae.
1326 2820 1538 2906 capiuntur
1563 2821 1712 2909 (rasoris
1738 2822 1830 2886 anni
1865 2829 2047 2917 tempora

331 2959 405 3010 nec
431 2959 589 3027 unquam
614 2931 748 3034 latent)
774 2938 909 3006 retibus
935 2945 974 3004 et
1000 2935 1108 3006 hamo
1134 2938 1181 3005 ob
1208 2944 1405 3008 carentiam
1434 2938 1660 3027 pinguedinis
1684 2962 1885 3031 numquam
1899 2967 2046 3021 ,num-

334 3080 414 3132 rem
443 3058 679 3146 contrahunt,
709 3058 874 3150 gregales
899 3063 1032 3130 marini
1057 3058 1224 3128 litorales
1251 3065 1369 3151 pisces
1395 3067 1490 3128 sunt.
1533 3062 1635 3129 Sinos
1655 3080 1706 3130 ac
1724 3083 1899 3134 reoesssss
1926 3076 2045 3143 mnia

336 3188 488 3272 pacatos
515 3189 555 3251 at
581 3202 753 3251 arenosos
772 3186 937 3269 petunt,
978 3202 1147 3249 numerus
1174 3182 1418 3252 ossiculorum
1451 3185 1487 3249 in
1516 3186 1642 3272 pinnis
1676 3184 1783 3253 vaide
1811 3193 1940 3261 variat
1965 3196 2044 3267 imo

335 3325 404 3393 pro
433 3303 640 3375 eondiuone
662 3302 832 3372 iocorum
857 3308 966 3371 etiam
994 3302 1110 3372 forma
1136 3312 1175 3373 et
1200 3303 1458 3395 magnitudine.
1485 3308 1590 3372 Linea
1617 3304 1780 3374 lateralis
1802 3327 1827 3375 e
1851 3318 2044 3402 superiori

336 3424 467 3494 salvae
487 3423 712 3496 branchialis
734 3423 887 3492 cardine
913 3424 960 3491 ad
994 3424 1187 3492 secundam
1224 3431 1374 3516 pinnam
1408 3426 1506 3494 dorsi
1533 3425 1610 3495 iere
1637 3436 1736 3496 recta
1762 3435 1946 3503 continua
1972 3438 2044 3507 dn·

335 3544 424 3636 plex
449 3555 489 3615 et
514 3551 550 3615 iu
576 3546 697 3616 medlo
724 3544 826 3613 sulco
849 3553 1046 3630 excavata,
1066 3545 1121 3612 ,ab
1149 3545 1232 3614 hinc
1259 3547 1428 3615 deorsum
1455 3568 1580 3614 versus
1600 3556 1762 3618 ventrem
1791 3551 1838 3619 ad
1867 3553 1894 3624 6
1919 3555 2044 3632 linens

337 3675 492 3740 eiurata
514 3668 789 3737 discontinuata
814 3664 862 3738 35
890 3675 1074 3735 commata
1101 3689 1139 3735 se
1166 3673 1319 3736 invicem
1339 3691 1418 3735 non
1433 3673 1679 3759 contingentia
1693 3677 1873 3761 continet,
1905 3701 2042 3753 vernn

336 3789 397 3858 hic
423 3797 645 3858 commatum
672 3809 842 3858 numerus
868 3791 1229 3858 inconstanussimus.
1271 3795 1444 3888 squamae
1473 3795 1748 3878 minutissimae,
1776 3800 2041 3897 tenuissimae,

337 3910 548 4002 sphaericae
575 3913 670 3980 irrtra
694 3910 847 3979 cellulas
872 3915 968 3978 cutis
991 3911 1228 3996 reconditae,
1270 3919 1380 4002 caput
1412 3920 1450 3981 et
1484 3910 1614 3983 valvae
1650 3912 1884 3988 branchiales
1920 3944 2042 4016 usqu·

335 4036 381 4102 sd
406 4041 612 4102 extremum
635 4039 801 4101 rostrum
835 4052 1065 4121 squamarum
1107 4038 1258 4122 vestigia
1288 4032 1480 4102 exhibent.
1542 4037 1673 4101 Pinnae
1712 4040 2041 4126 posthranchisler

337 4153 494 4223 ossicula
520 4158 710 4224 contineat
745 4173 787 4245 ¹9
814 4157 850 4221 in
875 4153 958 4222 aliis
987 4173 1046 4225 20·
1108 4161 1244 4226 Pinnae
1277 4154 1461 4225 rentrales
1481 4152 1636 4244 reliquis
1662 4155 1813 4228 altiores
1839 4171 2042 4241 contineat

337 4275 494 4345 ossicula
520 4275 545 4345 a
562 4323 573 4360 ‚
615 4275 746 4343 horum
784 4279 937 4369 primum
967 4281 1006 4342 et
1044 4278 1243 4345 secundum
1269 4281 1309 4345 in
1333 4277 1529 4346 candidum
1554 4276 1703 4347 mollem
1729 4279 1847 4370 pilum
1878 4286 2034 4361 abeunt.

336 4401 453 4465 Prima
481 4402 589 4486 pinna
613 4407 702 4486 post
726 4417 834 4464 anum
858 4400 1025 4467 continet
1051 4398 1208 4468 ossicula
1236 4404 1303 4489 24,
1330 4398 1460 4467 horum
1487 4403 1643 4488 primum
1668 4408 1707 4470 et
1726 4400 1909 4473 altimum
1938 4410 2038 4483 egil.

334 4518 488 4602 limum,
528 4519 724 4605 septimum
759 4525 931 4586 octavum
965 4524 1003 4587 et
1036 4543 1170 4589 nonum
1198 4521 1345 4610 reliquis
1374 4519 1554 4608 longiora.
1618 4522 1779 4592 Secunda
1807 4530 1924 4615 pinna
1950 4542 2042 4625 post

333 4661 440 4710 anum
468 4637 624 4708 ossicula
650 4641 814 4707 continet
854 4658 923 4726 aa,
962 4639 1093 4711 horum
1133 4649 1298 4732 quintum
1330 4641 1486 4734 reliquis
1524 4642 1681 4733 longius.
1742 4647 1896 4719 crudae
1920 4658 2040 4743 pinna

646 4824 961 4844 -0-1-1-——1-

374 4922 408 5008 ⁶)
430 4924 538 4986 'lassis
560 4923 661 4983 maso
683 4921 853 4997 adiicienda
873 4939 934 5002 est,
957 4941 1079 5007 nempe,
1101 4928 1183 5010 quod
1205 4929 1361 4991 versibus
1377 4929 1477 4993 satu
1499 4942 1533 4994 et
1554 4930 1775 5012 copiosissimis
1797 4927 1981 5002 hiertam.
