4404 5902
1024 253 1172 345 ω
1855 247 1945 374 irr'

253 483 442 603 margine
470 512 625 603 aspera.
682 486 838 600 Auguli
864 482 993 570 rictus
1019 507 1116 571 cute
1143 482 1321 602 prolixi,
1381 468 1621 590 cirrhil'eri,
1654 496 1806 581 'cirrhis
1832 495 1939 584 albis

251 639 423 728 circiter
449 672 489 749 7.
516 635 564 722 in
591 657 768 723 externo
808 635 998 750 margine
1037 635 1145 722 serie
1184 636 1401 751 dispositis
1413 701 1427 745 ,
1486 638 1694 756 crispulis.
1767 647 1940 737 Orbitas

251 813 398 904 arguto
436 789 623 902 margine
665 816 803 894 osseo,
870 787 1117 905 praesertim
1167 791 1221 876 ad
1260 787 1467 877 verticem
1511 790 1939 906 prominentissimae,

248 951 368 1058 spina
396 937 657 1054 supraciliari
684 937 871 1056 simplici
897 963 941 1025 et
967 939 1108 1028 carina
1137 961 1281 1056 arguta
1308 970 1420 1055 pone
1451 943 1596 1029 oculos
1620 942 1937 1058 longitudinali,

247 1091 374 1181 lineis
417 1088 661 1176 lateralibus
697 1096 990 1207 respondente.
1062 1094 1188 1178 Oculi
1226 1091 1416 1208 perfecte
1457 1094 1652 1199 rotundi,
1702 1095 1937 1208 majusculi,

247 1247 348 1333 iride
375 1238 540 1359 pallide
569 1271 707 1329 aurea.
777 1243 982 1357 Opercnla
1010 1240 1306 1329 branchiarum
1334 1244 1482 1357 plana,
1525 1243 1696 1330 laminis
1723 1243 1938 1332 subtiliter

246 1393 425 1497 striatis,
453 1390 616 1508 postice
644 1396 699 1480 ad
724 1393 873 1510 pinnas
900 1396 1154 1512 pectorales,
1184 1401 1304 1509 spina
1332 1392 1474 1494 brevi,
1515 1396 1752 1512 marginali.
1808 1383 1937 1488 Mem·

247 1550 378 1636 brana
420 1545 731 1658 branchiastego
775 1549 851 1633 sub
893 1545 1103 1663 operculis
1145 1547 1232 1632 fere
1274 1545 1430 1648 latens,
1489 1544 1618 1631 radiis
1660 1561 1699 1634 6.
1744 1545 1937 1633 arcuatis.

248 1703 409 1814 Corpus
443 1725 468 1778 a
507 1693 647 1810 capite
683 1695 840 1782 sensim
881 1697 1178 1800 adtenuatum,
1235 1725 1322 1781 non
1360 1725 1665 1811 compressum,
1722 1696 1935 1811 usquead

250 1854 375 1937 linem
401 1878 445 1962 p.
474 1844 545 1930 ani
571 1867 616 1930 et
642 1846 870 1932 dorsalium
898 1847 1361 1949 serrato-octaedrum,
1398 1867 1537 1932 totum
1565 1846 1789 1936 loricatum
1816 1877 1934 1962 squa-

248 2000 325 2087 mis
353 1994 487 2084 osseis
513 1994 723 2110 contiguis
750 1996 956 2113 octuplici
983 1997 1111 2103 serie,
1160 1995 1398 2083 intervallis
1431 1998 1676 2112 angulorum
1704 1997 1858 2085 dorsali
1887 2018 1933 2082 et

249 2148 431 2236 ventrali
456 2145 698 2254 latioribus,
754 2148 1047 2263 pleniusculis,
1105 2147 1348 2234 lateralibus
1382 2147 1516 2234 tribus
1544 2147 1931 2251 subcanaliculatis3

249 2303 393 2389 Gauda
422 2301 618 2412 depresso
645 2296 902 2413 hexengula,
933 2301 1085 2415 angulo
1113 2298 1270 2386 dorsali
1301 2322 1346 2385 et
1372 2299 1551 2386 ventrali
1580 2299 1645 2408 (in
1658 2332 1762 2416 quos
1791 2302 1930 2385 dorsa·

250 2455 306 2539 les
332 2434 627 2563 ventralesque
655 2449 794 2536 trunci
821 2450 964 2566 anguli
991 2460 1164 2563 coeunt)
1193 2451 1526 2538 obsoletissimis.
1604 2454 1807 2566 Squamae
1831 2451 1930 2536 lori·

251 2632 318 2690 cae
346 2629 494 2689 omnes
518 2598 567 2684 in
592 2601 735 2689 medio
765 2607 818 2689 ad
844 2603 958 2719 ipsos
985 2604 1158 2719 angulos
1185 2601 1352 2718 postice
1380 2611 1521 2691 aculeo
1546 2632 1734 2707 recurvo,
1769 2604 1930 2702 scabre,

254 2757 516 2857 umbonatae,
546 2773 591 2837 et
618 2783 695 2868 per
723 2754 929 2840 ambitum
955 2764 1065 2841 striis
1091 2777 1295 2871 punctato
1322 2754 1490 2858 scabris,
1523 2753 1782 2841 radiantibus
1809 2783 1928 2840 orna·

255 2927 332 3011 tae,
361 2901 590 2988 dorsalium
617 2926 661 2989 et
686 2906 923 2993 lateralium
952 2907 1197 3021 angulorum
1224 2907 1411 2994 maxime
1439 2877 1678 3010 aculeatae,
1720 2928 1764 2991 et
1791 2907 1928 2991 dorsa·

256 3057 307 3142 les
330 3080 472 3141 versus
499 3053 682 3141 nucham
722 3028 1132 3173 prominentissimae
1174 3055 1428 3141 ventralium
1470 3058 1616 3144 aculeo
1653 3054 1845 3141 obsoleto
1879 3056 1927 3142 in

258 3208 428 3294 carinam
455 3205 649 3293 evanida.
695 3211 844 3318 Lineae
872 3215 1063 3299 laterales
1088 3205 1201 3292 inter
1227 3206 1400 3317 angulos
1426 3204 1620 3291 laterales
1646 3203 1927 3292 intermediae

262 3383 405 3459 rectae,
461 3355 693 3475 interrupte
720 3359 985 3476 prominulae
1012 3356 1218 3473 usquein
1246 3357 1446 3454 caudam,
1502 3357 1576 3442 sed
1604 3376 1858 3459 antrorsum,
1899 3384 1926 3440 e

263 3511 414 3624 regione
452 3507 608 3624 pinnae
649 3511 720 3598 ani
757 3512 947 3629 primae,
1018 3539 1116 3597 cum
1156 3504 1369 3623 superiore
1408 3507 1657 3621 angulorum
1696 3504 1926 3593 dorsalium

266 3660 570 3781 reincidentes.
600 3664 753 3750 Pinnae
780 3662 1005 3779 hyalinae,
1061 3659 1385 3763 subnebulosae,
1426 3657 1556 3743 radiis
1584 3654 1760 3745 setaceis
1787 3657 1925 3744 tenui·

266 3806 344 3909 bus3
373 3818 600 3929 pectorales
623 3813 839 3915 laterales,
866 3817 1041 3931 planae,
1069 3812 1279 3924 oblong00
1294 3809 1426 3914 latae,
1470 3811 1557 3893 rad.
1592 3843 1654 3919 ¹7·
1684 3807 1814 3894 fascia
1840 3815 1925 3892 una

269 3938 424 4050 alterare
453 3961 784 4068 obsoletissima,
815 3967 1071 4051 fuscescenta
1099 3964 1153 4048 ad
1181 3934 1326 4062 basin3
1354 3966 1554 4046 ventroles
1580 3956 1723 4043 medio
1750 3977 1924 4070 pectore
2029 4063 2036 4069 ι

267 4103 353 4199 iuter
380 4114 633 4233 pectorales,
681 4117 816 4202 valde
833 4115 1169 4233 approximatae,
1217 4098 1465 4199 biradiatae.
1532 4115 1579 4198 P.
1607 4111 1784 4196 dorsalis
1809 4115 1923 4223 prior

266 4253 467 4371 latescens,
522 4267 855 4376 noremradiata,
909 4264 1098 4382 margine
1137 4263 1377 4377 nigrescens
1415 4285 1461 4348 et
1501 4259 1630 4348 radiis
1670 4257 1921 4378 prominulis

268 4411 492 4523 subterrata,
535 4447 620 4503 non
647 4418 840 4534 spinosa3
892 4421 1070 4509 secunda
1103 4413 1382 4520 octoradiata,
1421 4410 1705 4498 immaculata.
1773 4415 1819 4496 P.
1849 4416 1920 4496 ani

264 4570 522 4668 maradian,
574 4565 751 4684 hyalina
763 4607 775 4674 3
817 4575 975 4661 caudae
1003 4567 1189 4683 aequalis
1215 4565 1307 4652 red.
1352 4600 1414 4650 ιι.
1443 4559 1720 4678 simplicibus.
1775 4567 1920 4674 Angu-

265 4702 374 4806 ltrum
399 4719 589 4836 corporis
614 4743 779 4811 tantum
806 4723 999 4810 laterales
1024 4751 1101 4837 per
1126 4720 1304 4807 caudam
1330 4713 1514 4831 argutius
1542 4709 1836 4815 continuatae,
1875 4731 1923 4797 et
