4404 5902
906 384 1075 479 ἐξῆ,
1764 377 1830 489 ra

356 588 639 705 Cyclopterus
681 580 898 672 ordinibus
938 579 1252 666 tuberculornrn
1289 601 1479 697 septem,
1534 580 1685 671 Bloch.
1724 587 1824 696 pisc.
1892 586 1895 595 ’

412 773 543 854 germ.
572 742 650 821 ΠΙ.
678 770 719 854 p.
756 753 844 823 103.
875 769 914 820 n.
949 773 983 818 1.
1012 734 1094 818 tab.
1124 763 1192 841 90.

278 897 329 978 In
358 891 464 976 mari
491 886 706 992 balthico,
737 890 834 974 albo
861 910 907 972 et
931 890 1060 972 boreo
1087 914 1173 969 non
1201 881 1460 1000 infrequens.
1518 886 1663 975 Osseia
1690 885 1829 974 tuber·

136 1047 252 1137 udis
278 1044 559 1158 Acipenseres
583 1040 771 1127 simulat.
869 1065 871 1069 ·
936 1072 943 1083 ’
999 1128 1004 1139 ,
1832 1006 1834 1011 ¹

453 1204 1609 1379 n.ct0t0rrunussnnot,

278 1498 332 1585 C.
360 1490 589 1606 tuberculis
617 1491 746 1619 osseis
788 1491 1021 1580 dorsalibus
1056 1487 1244 1607 simplici
1272 1490 1381 1578 serie
1410 1515 1508 1578 ante
1535 1492 1711 1611 pinnam
1736 1500 1832 1588 dor.

137 1653 292 1742 salem.

363 1802 641 1920 Cycloptcrus
668 1799 838 1917 glaber,
895 1797 1116 1885 acetabulo
1142 1824 1292 1910 rugoso
1324 1796 1435 1883 intra
1465 1796 1617 1912 pinnas
1643 1825 1834 1918 pectora.

421 1957 509 2059 les,
538 1956 692 2038 Steller.
723 1953 808 2038 obs.
838 1957 960 2037 icbtln
996 1981 1200 2034 nsonnscr.

282 2115 396 2194 Raro
423 2105 469 2190 in
497 2103 603 2189 mari
630 2100 968 2191 Cemtschatcam
1006 2103 1213 2206 alluente,
1270 2098 1497 2218 praecipue
1522 2104 1636 2193 circa
1662 2132 1833 2226 portum

138 2267 220 2350 SS.
248 2259 364 2347 Petri
391 2280 435 2343 et
460 2255 580 2341 Pauli
616 2254 800 2372 capitur:
864 2257 1115 2344 Stellcrns
1155 2274 1320 2340 tantum
1357 2282 1385 2338 e
1412 2254 1571 2343 siccato
1594 2261 1832 2375 specimine

138 2410 372 2528 descripsit
410 2430 455 2493 et
491 2441 515 2492 a
555 2403 889 2505 Camtschadalis
930 2427 1176 2521 acceperat.-
1229 2402 1341 2490 hanc
1384 2407 1571 2521 speciem
1600 2409 1646 2494 iu
1669 2436 1834 2504 tantam

139 2553 483 2680 magnitudinem
511 2589 774 2663 excrescere,
830 2581 878 2641 ut
905 2555 1080 2672 scaphas
1101 2578 1257 2642 'eorum
1284 2579 1475 2644 evertere
1505 2561 1660 2667 valeat,
1718 2565 1835 2654 ideo.

142 2747 235 2834 que
257 2717 314 2799 ab
343 2712 430 2797 illis
457 2710 627 2813 timeri;
685 2712 738 2795 de
781 2738 863 2823 qua
904 2710 1047 2794 fabula
1089 2709 1182 2827 ipse
1216 2708 1396 2796 dubitat
1466 2717 1606 2829 Ipsam
1632 2718 1661 2800 S
1669 2724 1836 2811 celleri

139 2864 481 2983 descriptionem
510 2891 725 2980 proponas
775 2889 780 2899 ·
841 2882 847 2887 ·

286 3021 456 3103 Descr.
512 3015 721 3121 „Oblatas
769 3014 898 3130 piscis
926 3018 1175 3103 dodrantem
1211 3017 1361 3134 longus
1388 3038 1497 3122 erat,
1554 3021 1600 3108 in
1628 3023 1836 3116 diametro

140 3170 256 3279 „ubi
282 3168 482 3271 crassior,
539 3187 715 3282 quatuor
741 3166 885 3252 uncias
912 3199 1093 3273 crassus,
1151 3203 1174 3252 a
1201 3171 1343 3285 capite
1373 3172 1425 3253 ad
1452 3175 1630 3264 caudarn
1657 3177 1836 3264 formam

139 3323 348 3436 „orclem
373 3318 609 3406 obtinebat.
665 3322 813 3406 Colore
839 3344 930 3406 erat
956 3320 1219 3435 nigricante,
1259 3319 1447 3436 undique
1473 3324 1620 3435 glaber
1631 3331 1650 3428 ,'
1673 3325 1720 3410 in
1749 3357 1836 3414 meo

107 3517 115 3533 ·
144 3476 260 3587 „dio
287 3476 410 3559 dorso
434 3491 600 3555 tautum
629 3469 756 3557 series
782 3473 1080 3557 tuberculornm
1110 3474 1265 3574 aderat,
1297 3472 1513 3587 usquead
1541 3473 1716 3590 pinnam
1744 3482 1837 3566 dor·

141 3626 326 3763 „salem
394 3623 642 3708 Mondibnlc
681 3621 857 3707 inferior
891 3624 1104 3738 superiore
1134 3623 1314 3709 dimidia
1341 3621 1466 3708 uncia
1495 3624 1719 3744 (rhenol.)
1747 3627 1837 3720 lon·

143 3778 293 3893 „gi0r,
348 3800 524 3890 utraque
564 3774 708 3859 bifida.
778 3777 941 3889 Lingua
984 3781 1131 3859 crassa.
1200 3777 1353 3860 Dentes
1396 3780 1449 3860 ad
1489 3808 1581 3862 oras
1623 3783 1839 3896 utriusque

142 3928 453 4036 „mandibulae
481 3926 656 4044 exigui“
691 3928 821 4035 (addo
847 3956 873 4011 e
901 3926 1133 4043 specimine
1160 3923 1277 4011 sicco
1304 3927 1466 4010 Musaei
1509 3927 1840 4044 Petropolitanis

144 4083 416 4196 inaequales,
471 4077 768 4193 obtusiusculi,
820 4073 1075 4178 inordinati3
1130 4067 1176 4161 in
1214 4080 1448 4194 superiore*
1468 4077 1643 4164 maxilla
1693 4080 1741 4164 in
1768 4109 1842 4167 ota

143 4232 539 4338 tuberculiformes,
574 4229 752 4316 interius
780 4252 920 4313 autem
935 4238 1159 4344 majores).
1219 4231 1373 4335 „Oculi
1400 4212 1563 4343 exigui,
1588 4206 1639 4315 in
1666 4233 1840 4319 summis

141 4384 386 4496 ,deteribus
427 4383 599 4503 capitis,
665 4382 777 4465 ultra
817 4412 944 4466 unam
984 4380 1153 4467 unciam
1202 4383 1254 4465 ab
1296 4380 1458 4466 extimo
1497 4405 1630 4467 rostro
1671 4383 1839 4473 remoti.

142 4540 323 4650 „Volva
350 4540 600 4624 branchidis
626 4532 752 4618 valde
780 4555 957 4648 magnn3
1012 4524 1190 4619 ossicula
1217 4525 1539 4648 branchiostega
1565 4540 1641 4618 se'x
1669 4560 1841 4623 atvero

140 4690 309 4801 „valva
334 4721 431 4777 cum
460 4690 702 4775 membrana
726 4683 1050 4800 branchiostega
1078 4717 1164 4770 non
1192 4707 1402 4789 movetur,
1434 4716 1513 4769 nec
1542 4672 1737 4803 aperitur,
1766 4691 1842 4773 sed

140 4853 293 4961 „ostio
333 4839 555 4960 sphaerico
596 4838 744 4933 saltem
782 4835 828 4922 in
868 4836 1069 4923 lateribus
1109 4834 1245 4953 patet,
1308 4860 1353 4922 et
1395 4868 1518 4955 supra
1558 4836 1642 4925 hoc
1684 4839 1840 4929 ostium

1353 5024 1398 5074 to
