4404 5902
467 51 555 115 100
1208 43 1371 97 -Ε

444 249 535 341 bus
561 245 726 336 orbitae
755 247 1118 350 membranaceus,
1161 265 1383 361 asperatus.
1416 291 1466 310 -
1506 243 1605 330 Pon·
1630 241 1828 330 uudbosb
1857 236 2006 331 medio
2031 238 2139 329 iuter

457 398 603 491 oeulos
630 419 675 487 ot
703 396 843 489 sinum
869 395 1186 500 branchislem,
1226 391 1458 510 subpstuli,
1514 393 1671 500 tanati,
1720 390 1876 480 vertici
1899 388 2141 509 propinqui.

462 600 513 635 ,-
541 551 750 666 Opercule
777 549 1034 634 branchiulia
1063 549 1186 634 stella
1215 543 1440 663 asperrima
1468 567 1513 628 et
1541 543 1740 631 scabritie
1768 547 1916 631 crebra
1942 565 2145 660 asperata,

459 699 594 789 limbo
620 722 785 789 tantum
827 702 1149 785 membranaceo
1191 696 1332 793 laevir
1391 699 1535 781 subtus
1570 694 1794 814 utrumque
1828 691 1989 782 isthmo
2024 693 2145 809 gulae

460 849 582 941 brevi
610 857 824 947 adnutum.
879 851 1127 953 Bronclriae,
1170 871 1217 934 ut
1243 847 1290 932 in
1320 852 1397 932 Ac.
1425 874 1648 962 pygmaeo.
1680 894 1728 919 «-
1761 851 1921 962 Corpus
1947 844 2145 961 gracilius

462 1033 588 1118 quam
624 1003 673 1089 in
695 995 1002 1116 'congeneribus
1032 996 1233 1113 reliquis,
1291 997 1590 1112 asperrimum,
1645 996 1771 1083 simul
1798 969 2147 1092 mucosissimum,

457 1155 754 1270 pentaedrum,
810 1181 834 1237 s
874 1149 1047 1266 regione
1089 1150 1312 1265 pinnarum
1349 1148 1630 1263 pectoralium
1668 1147 1823 1234 sensim
1858 1149 2145 1233 sdtenuutum.

455 1301 602 1391 Facies
629 1301 910 1390 abdomioalis
942 1304 1088 1419 plana,
1118 1303 1301 1391 dorsales
1329 1328 1564 1403 convexae,
1592 1301 1727 1384 latera
1754 1298 2052 1424 planiuscolus
2077 1328 2148 1383 an·

458 1454 547 1568 guli
575 1455 843 1545 mucronibus
871 1454 1075 1539 callorum
1103 1475 1271 1536 serrata.
1303 1503 1352 1517 -
1382 1452 1529 1536 Cruda
1557 1479 1669 1566 pone
1698 1480 1823 1535 anum
1849 1472 1982 1548 teras,
2022 1477 2146 1565 supra

456 1627 597 1698 tamen
628 1629 674 1690 et
700 1609 842 1697 subtus
872 1603 1158 1721 planiuscula,
1217 1587 1264 1687 et⁸
1300 1600 1545 1687 continuata
1585 1599 1699 1686 lineo
1735 1599 1899 1687 laterali
1934 1599 2146 1713 angulata,

459 1757 649 1870 adeoque
678 1755 983 1843 subhexaedra.
1011 1805 1068 1822 --
1107 1758 1225 1838 Anus
1264 1756 1310 1836 in
1353 1753 1503 1837 fossula
1545 1753 1716 1865 glabra,
1771 1750 1993 1838 caruncula
2023 1750 2147 1836 molli

460 1926 642 2018 turgens.
673 1957 717 1973 -
754 1904 868 1992 Calli
895 1936 969 1991 seu
995 1907 1165 1989 Scutulo
1191 1903 1373 1988 dorsalia
1400 1901 1569 1989 ordines
1604 1938 1664 1990 rs.
1695 1906 1766 1988 rel
1799 1918 1859 1989 ι3.
1888 1904 1943 1987 ad
1975 1925 2145 1988 sextum

459 2053 616 2138 sensim
643 2061 813 2169 majora,
843 2089 867 2141 a
895 2085 1008 2143 nono
1037 2054 1340 2153 decrescentia,
1370 2076 1514 2169 arguta
1543 2053 1632 2139 acie
1663 2053 1849 2140 carinato
1877 2072 1923 2139 et
1947 2081 2152 2139 mucrone

458 2201 636 2297 eonico·
652 2235 912 2322 compresso,
953 2205 1160 2292 reclinato
1187 2204 1596 2320 prominentissima,
1639 2204 1753 2290 striis
1781 2203 1937 2321 asperis
1962 2203 2157 2304 radiatas

458 2353 644 2474 primum
670 2355 840 2445 nuchae
869 2355 1085 2443 coalitum.
1152 2357 1322 2441 Scutula
1360 2356 1498 2441 lineae
1541 2362 1729 2442 lateralis
1768 2372 1835 2443 32.
1874 2357 1929 2441 sd
1963 2370 2034 2445 35.
2060 2353 2156 2442 imo

460 2527 529 2614 to.
559 2505 813 2613 minuscula,
854 2505 1013 2621 insigni
1043 2504 1134 2593 acie
1162 2506 1367 2611 carinata,
1411 2529 1636 2596 retrorsum
1666 2530 1937 2608 mucronum
1975 2505 2157 2621 ungulo·

461 2690 557 2757 tum
580 2660 1000 2751 minutissimas
1036 2693 1097 2742 ro.
1135 2659 1262 2771 longa
1305 2656 1395 2743 acie
1432 2661 1639 2762 carinata,
1697 2656 1966 2745 mucronibus
1989 2654 2157 2773 promi·

459 2809 658 2908 nentium
682 2808 950 2913 lateralibus,
980 2807 1065 2895 nisi
1093 2811 1176 2895 duo
1203 2806 1344 2924 priora
1372 2808 1602 2895 obsoletius
1631 2806 1832 2894 cannata.
1878 2814 2158 2897 Intaranum

462 2982 508 3059 et
533 2958 708 3076 pinnam
734 2959 805 3047 ani
832 2960 933 3047 calli
962 2972 1002 3044 3.
1028 2959 1277 3075 pupillares,
1317 2982 1590 3044 mucronato·
1609 2957 1784 3062 redisti,
1820 2958 2160 3075 aequidistaotes

461 3132 509 3209 et
534 3132 704 3226 questus
727 3109 961 3204 obsoletior
989 3112 1043 3196 ad
1073 3109 1207 3223 ipsam
1234 3106 1390 3223 pinnae
1419 3107 1562 3208 basim
1588 3139 1700 3226 pone
1727 3106 2161 3226 pinnsm'ossiculnm

460 3259 624 3361 lineam
652 3259 856 3354 strictum.
928 3268 978 3346 ln
1013 3266 1201 3370 foemina
1240 3280 1404 3343 tantum
1431 3289 1561 3345 unum
1588 3260 1743 3345 callum
1770 3258 1817 3345 in
1844 3259 1989 3345 medio
2015 3258 2159 3347 inter·

463 3411 579 3507 uallo
610 3431 655 3496 et
680 3407 727 3494 in
754 3409 899 3501 medio
937 3408 1171 3501 obdomino'
1204 3410 1335 3497 callos
1376 3439 1450 3493 sex
1491 3418 1667 3524 majores
1704 3434 1748 3497 st
1774 3410 1938 3526 aliquot
1964 3408 2157 3499 minores

464 3561 672 3665 stellatos,
717 3559 880 3677 duplici
909 3559 1017 3652 serie
1050 3560 1275 3676 dispositos
1302 3559 1547 3664 observavi,
1588 3560 1661 3676 qui
1688 3561 1736 3647 in
1763 3561 1957 3649 masculis
1982 3561 2159 3649 deant.

462 3719 685 3807 Praeterea
722 3742 746 3797 a
787 3710 928 3829 cupite
969 3714 1023 3797 ad
1060 3710 1176 3799 dorsi
1225 3706 1400 3825 pinnum
1447 3714 1577 3797 series
1614 3713 1811 3827 utrinque
1851 3713 2163 3801 ubercota„

466 3863 745 3965 stellatorum,
774 3885 820 3947 et
846 3884 1062 3978 praeterea
1090 3891 1229 3977 sparsa
1254 3859 1302 3944 in
1328 3862 1452 3949 dorse
1479 3891 1621 3951 versus
1648 3861 1831 3949 nuchsm
1844 3861 2161 3951 similiamino·

463 4044 510 4101 rs
522 4049 537 4110 ς
577 4033 669 4097 tota
696 4040 797 4097 vero
824 4017 933 4097 eutis
960 4033 1149 4128 asperato
1182 4019 1372 4100 ossiculis
1405 4013 1698 4101 lamellaribus'
1714 4014 1899 4101 dentatis
1923 4042 2008 4100 ceu
2034 3984 2161 4131 som·

462 4161 567 4264 mis,
608 4160 694 4249 situ
721 4161 837 4247 varie
864 4160 1038 4276 obliquo
1066 4161 1401 4259 accusantibus,
1438 4164 1684 4278 praesertim
1711 4166 1760 4252 in
1784 4164 1903 4251 omni
1927 4166 2074 4253 dom
2099 4214 2163 4237 -

463 4318 641 4401 Lamina
665 4310 934 4430 trapezoides
966 4311 1127 4396 radiata
1155 4315 1230 4398 sub
1255 4313 1398 4430 pinnis
1426 4317 1727 4430 pectoralibus,
1755 4319 1810 4402 sd
1837 4314 2007 4403 histum
2033 4320 2163 4405 bren·

463 4461 653 4568 slaialem
676 4484 724 4561 et
740 4465 992 4561 mbnculum,
1011 4459 1228 4555 humerale
1249 4464 1387 4553 minus
1409 4464 1607 4582 insignia,
1630 4497 1758 4585 quam
1776 4467 1823 4554 in
1835 4471 1915 4556 Ac.
1930 4497 2166 4609 pigmaeos
