4404 5902
931 380 1082 437 ·-··-··--
1789 347 1849 469 ss

146 580 303 670 inveni
342 581 492 684 talem,
565 607 672 694 quae
712 574 832 695 quasi
876 576 1093 694 sortilegio
1134 577 1182 664 in·
1226 575 1480 666 immensum
1523 581 1699 670 diducto
1740 584 1849 672 rictu

145 736 410 854 Dipodem
435 743 634 818 minutum
662 730 966 847 deglutiverat,
1017 739 1136 847 cujus·
1162 731 1236 818 vix
1265 757 1455 819 extrema
1488 739 1622 821 cauda
1651 766 1723 822 otc
1752 768 1848 854 pro·

146 888 366 991 minabat,
391 909 436 971 et
463 887 570 972 a'deo
600 908 690 971 erat
718 887 936 989 suffarcta,
975 908 1023 970 ut
1049 887 1098 970 in
1124 885 1300 1000 regione·
1324 885 1534 1000 ingluviei
1562 888 1681 1003 quasi
1710 892 1848 1005 palea·

146 1041 397 1156 ri-pendulo
425 1039 628 1147 relaxata,
658 1037 885 1155 medioque
907 1037 954 1124 in
983 1070 1157 1156 corpore
1185 1039 1233 1123 in
1260 1038 1496 1126 crassitiem
1524 1043 1597 1127 ovi
1623 1040 1850 1158 gallinacei

146 1194 339 1279 distenta
368 1215 492 1278 esset.

292 1346 472 1430 Descr.
546 1349 683 1460 Caput
723 1375 942 1462 parvum,
989 1345 1261 1460 depressum,
1324 1347 1538 1451 obtusum,
1580 1379 1852 1456 ,convexum

145 1527 292 1612 ungue
318 1495 476 1582 indicis
503 1494 619 1583 haud
650 1506 802 1613 majus,
860 1497 972 1582 rictu
998 1496 1114 1582 haud
1142 1503 1311 1608 majore.
1351 1503 1511 1583 >Palati
1539 1501 1690 1587 cristae
1720 1502 1853 1617 gemi-

146 1682 233 1736 nae
264 1653 488 1752 dentatae,
532 1672 576 1733 et
603 1651 778 1736 maxilla
805 1650 1017 1735 uncinulis
1046 1653 1237 1749 dentata,
1288 1682 1464 1766 quorum
1494 1653 1623 1767 primi
1651 1664 1852 1767 majores3

146 1809 336 1889 maxilla
365 1802 554 1918 superior
580 1803 697 1917 quasi
725 1831 864 1917 ungue
894 1805 1036 1888 subtus
1064 1803 1216 1917 plano,
1263 1801 1418 1887 inermi
1446 1803 1693 1890 inferiorem
1722 1837 1849 1893 exce-

123 1957 272 2041 dens.
331 1957 454 2041 Oculi
482 1956 597 2040 mole.
623 1958 740 2070 grani
772 1953 898 2059 milii,
928 1954 977 2038 in
1004 1954 1163 2039 vertice
1191 1984 1278 2040 non
1307 1957 1441 2053 multo
1470 1957 1602 2071 magis
1632 1956 1851 2064 distantes,

143 2139 280 2224 quam
321 2139 441 2192 nares
481 2105 760 2223 prominulae·.
835 2113 994 2224 Corpus
1035 2109 1164 2192 breve
1206 2108 1548 2210 crassiusculum3
1603 2109 1852 2196 brevissima
1985 2184 1994 2197 .

142 2265 301 2348 cauda.
358 2264 561 2374 Squamae
591 2283 758 2366 ovatae,
820 2261 996 2377 planae,
1049 2260 1243 2344 laterales
1273 2259 1428 2344 sensim
1458 2269 1666 2375 majorae,
1703 2293 1852 2349 omnes

143 2412 502 2517 confertissimae,
528 2435 575 2498 ut
601 2412 647 2498 in
674 2415 861 2500 maxime
894 2410 1079 2499 distento
1106 2417 1257 2524 Angue
1286 2435 1429 2496 tamen
1458 2415 1567 2498 cutis
1595 2418 1706 2501 bene
1732 2437 1849 2501 tecta

144 2588 281 2652 esset.
334 2569 539 2682 Squemoe
568 2571 773 2653 ventrales
809 2584 896 2674 169.
928 2563 1163 2663 solitariae,
1204 2587 1247 2648 et
1276 2594 1415 2650 versus
1446 2597 1572 2651 anum
1598 2591 1683 2654 tres
1713 2568 1848 2653 minu·

143 2745 255 2821 tae,
287 2720 487 2832 utrinque
525 2719 754 2805 accessoria
795 2719 1011 2836 squamula
1053 2718 1244 2839 stipatae.
1319 2719 1467 2803 Caudo
1509 2718 1636 2833 digiti
1678 2716 1849 2804 minimi

143 2871 368 2975 crassitie,
423 2893 633 2974 truncata,
691 2872 873 2988 squamis
902 2894 1065 2956 tantum
1100 2884 1161 2955 ιδ.
1193 2901 1369 2987 quarum
1400 2869 1564 2984 aliquae
1594 2872 1850 2985 geminatae,

142 3047 200 3110 ut
243 3024 288 3108 in
329 3020 538 3108 colubris.
608 3025 732 3109 Color
771 3057 894 3143 supra
940 3052 1119 3140 gryseo·
1135 3023 1420 3125 cinerascens,
1474 3022 1715 3109 obscuriore
1756 3024 1850 3108 sive

141 3178 410 3263 fulvescente
439 3176 970 3290 marmorosovariegatus;
996 3177 1043 3259 in
1069 3174 1247 3260 ventrali
1283 3177 1418 3258 latere
1445 3175 1620 3290 abrupte
1648 3175 1848 3291 pallidus,

140 3328 323 3448 punctis
349 3326 678 3441 fusciasparsis,
730 3326 940 3443 integram
979 3328 1232 3443 plerumque
1271 3355 1488 3441 squamam
1529 3326 1849 3441 occupantibus.

138 3484 390 3594 Longitudo
414 3477 548 3565 totius·
583 3480 626 3562 ι’.
654 3481 708 3564 84
740 3480 891 3596 capitis
920 3485 1006 3590 7t'f.
1037 3482 1194 3566 caudae
1228 3485 1281 3563 1‘'.
1303 3475 1364 3561 r'f.
1395 3475 1594 3562 distantia
1629 3477 1849 3562 oculorum

139 3634 240 3724 23⁰2
270 3631 436 3718 narium
465 3632 550 3722 aa<
579 3629 916 3717 circumferentia
945 3635 1103 3718 caudae
1137 3637 1192 3716 1''.
1222 3627 1314 3738 lim.
1386 3630 1470 3715 Sed
1496 3660 1646 3745 corpus
1682 3626 1852 3745 Anguis

135 3786 225 3905 qui
253 3785 470 3903 Dipodem
497 3779 751 3907 deglutierat
777 3783 1163 3870 circumferentiam
1190 3783 1249 3873 δ”.
1278 3782 1347 3872 dm.
1377 3784 1628 3869 excedebat.

612 4062 697 4176 54·
765 4054 1081 4144 aueum
1130 4041 1391 4176 sagitta.
1456 3986 1462 3999 ’

290 4248 345 4330 A.
376 4245 516 4357 fusca,
543 4245 670 4331 dorso
695 4240 928 4347 discolore,
959 4240 1089 4354 striga
1118 4240 1232 4324 fusca
1260 4262 1423 4326 notato.

374 4397 564 4486 Caecilia
592 4394 806 4511 Typhlus,
847 4398 939 4511 Roj.
971 4393 1116 4508 quadr.
1147 4424 1187 4506 p.
1220 4404 1316 4499 289.

372 4549 560 4638 Caecilia
589 4545 800 4660 vulgaria,
845 4547 1017 4630 Aldrov.
1046 4573 1150 4660 serp.
1180 4575 1221 4658 p.
1253 4556 1349 4632 215.

369 4700 535 4815 Anguis
564 4698 745 4813 fragilis,
789 4702 878 4782 Lin.
911 4717 1017 4809 syst.
1046 4698 1145 4781 XII.
1171 4698 1207 4780 l.
1235 4729 1276 4812 p.
1312 4726 1433 4780 ιω.

256 4849 434 4941 Rossice
479 4854 729 4940 Waetantza
769 4825 820 4959 li.
849 4877 887 4934 e.
915 4850 1068 4963 fusus).
