4404 5902
1159 364 1319 434 ⁷==

799 623 882 711 31.
956 608 1351 706 COlUBER
1421 614 1701 735 ponticus.

544 889 592 979 C.
622 918 744 1006 supra
770 887 960 976 cinereus
986 887 1300 987 immaculatus,
1346 883 1473 974 scutis
1501 887 1623 1004 nigro
1651 909 1696 972 et
1723 886 1980 974 fulvescente
2010 912 2096 977 tes·

393 1040 564 1129 ‘sulatis

539 1202 589 1279 In
623 1217 748 1313 portu
776 1194 1139 1311 Serastopolitano
1168 1191 1284 1278 etin
1312 1191 1483 1280 sinubus
1509 1193 1636 1280 Ponti
1661 1190 1885 1278 Tauricam
1913 1192 2098 1282 Cherso-

396 1376 548 1433 nesum
589 1346 808 1452 alluentis,
865 1346 994 1433 etiam
1035 1346 1081 1431 in
1118 1346 1288 1431 sinubus
1320 1345 1662 1462 profundioribus
1692 1343 1775 1429 rivi
1802 1346 2095 1459 Bijuls·osen,

397 1499 618 1616 frequens,
655 1497 773 1613 aquis
799 1497 1014 1602 innatans,
1043 1498 1090 1582 in
1116 1520 1272 1583 terram
1302 1529 1394 1583 raro
1423 1497 1584 1584 exiens.

538 1655 710 1738 Descr.
752 1650 876 1737 Licet
904 1648 1039 1735 affinis
1066 1650 1360 1766 praecedenti,
1400 1672 1543 1734 tamen
1570 1680 1833 1764 squamamm
1863 1653 2016 1755 forma,
2044 1673 2098 1737 ut

399 1804 554 1909 colore,
585 1802 784 1889 diversus.
843 1804 981 1918 Caput
1011 1801 1163 1888 habitu
1183 1800 1393 1902 Natricis;
1423 1804 1570 1886 dentes
1599 1802 1825 1887 aciculares
1858 1802 1906 1887 in
1930 1803 2094 1919 palato.

385 1958 524 2041 'Color
550 1986 674 2070 supra
700 1955 912 2057 cinereus,
944 1954 1126 2068 squamis
1155 1953 1254 2039 stria
1283 1952 1503 2058 carinatis,
1532 1983 1619 2039 non
1646 1953 1928 2067 ernarginatis.
1963 1957 2099 2041 Scuta

400 2105 686 2192 abdominalia
713 2104 1000 2221 irregulariter
1028 2109 1148 2222 nigro
1177 2131 1221 2192 et
1248 2107 1410 2222 pallide
1437 2107 1697 2192 fulvescente
1725 2107 1941 2210 tess'ulata,
1971 2128 2020 2192 ut
2047 2129 2099 2193 et

382 2278 594 2373 ¹'squamae
623 2260 909 2344 subcaudales.
953 2261 1079 2344 Scuta
1107 2281 1275 2375 praeter
1304 2290 1519 2374 squamam
1543 2232 1758 2373 ¹geminam
1785 2286 1911 2344 anum
1941 2278 2096 2375 tegen-

398 2431 507 2516 tem,
543 2444 633 2524 ¹77·
688 2411 892 2526 Squamaa
920 2411 1193 2497 subcaudalcs
1222 2425 1289 2498 60.

790 2689 882 2793 32„
945 2677 1341 2772 COLUBER
1420 2689 1701 2774 scutatus.

409 2923 417 2939 ·
527 2840 589 2954 ῙΟ.
613 2896 743 2984 supra
771 2889 859 2952 ater
888 2896 1065 2984 opacus,
1124 2863 1252 2952 scutis
1288 2865 1440 2983 politis
1480 2866 1716 2978 latissimis,
1772 2901 1849 2988 per
1874 2865 1992 2986 paria
2022 2870 2098 2958 da·

388 3040 599 3106 sescenta
628 3019 832 3134 nigroque
859 3018 1082 3105 tessulatis.

617 3171 802 3260 Coluber
827 3194 1028 3277 scutatus,
1086 3173 1193 3261 Pau.
1222 3179 1310 3261 irin.
1338 3176 1375 3257 Ι.
1397 3207 1444 3292 p.
1477 3189 1568 3284 459.
1601 3208 1641 3262 n.
1673 3211 1738 3288 17..
1781 3178 1953 3266 Gmelin.
1980 3197 2093 3292 syst.

671 3329 763 3412 Lin.
790 3327 867 3408 Ill.
897 3357 938 3439 p.
972 3359 1089 3411 1102.

538 3474 663 3564 Circa
691 3506 836 3563 omnes
857 3506 972 3562 mare
1002 3476 1202 3593 Caspium
1231 3481 1457 3564 subeuntes
1485 3479 1634 3565 fluvios
1660 3478 1706 3565 in
1730 3483 1905 3598 regione
1933 3507 2095 3571 austra·

397 3626 506 3716 liore
535 3627 869 3745 copiosissimus,
926 3627 1193 3746 amphibius,
1245 3630 1292 3715 in
1325 3629 1499 3717 flumine
1527 3654 1571 3716 et
1599 3634 1770 3719 lacubus
1801 3664 1932 3751 aeque
1961 3667 2012 3722 ac
2040 3635 2118 3723 irr'

396 3781 631 3900 paludosis,
660 3781 777 3883 udis,
805 3784 1029 3889 ruderatis,
1070 3781 1390 3870 nitroso-salsis
1416 3785 1633 3901 frequens,
1669 3784 1873 3873 innocuus
1902 3785 2092 3894 homini,

387 3937 476 4021 ‘sed
504 3934 846 4053 quadrupedibus
873 3935 1066 4042 minutis,
1111 3935 1380 4053 piscibusque
1407 3935 1610 4022 terribilis
1639 3937 1829 4053 agilitate
1856 3962 1901 4026 et
1927 3940 2091 4028 animo.

535 4091 709 4176 Descr.
739 4093 876 4206 Caput
904 4087 1012 4174 facie
1039 4088 1240 4190 Natricis,
1269 4087 1664 4204 depressiusculum,
1695 4092 1769 4176 sed
1796 4093 1923 4207 paulo
1952 4093 2092 4207 magis

394 4239 644 4345 buccarum,
701 4271 824 4357 supra
866 4262 1002 4326 atrum
1041 4243 1184 4326 subtus
1214 4263 1257 4326 et
1284 4237 1552 4325 maxillarum
1581 4240 1754 4327 scutulis
1796 4243 1959 4347 album,
2019 4243 2094 4331 his

397 4414 542 4479 tamen
582 4395 701 4480 fusco
742 4393 1000 4507 marginatis.
1069 4394 1193 4479 Oculi
1232 4398 1411 4506 majores
1454 4422 1580 4508 quarn
1606 4394 1925 4510 praecedentis,
1984 4400 2098 4485 iride

396 4545 527 4630 fusca.
586 4547 782 4631 Derrtium
809 4545 1006 4660 utrinque
1033 4543 1160 4630 series
1192 4555 1234 4630 in
1260 4566 1435 4659 utraque
1465 4517 1641 4631 maxilla
1670 4546 1932 4660 marginalis,
1972 4580 2098 4663 prae·

398 4718 598 4812 tereaque
626 4697 674 4781 in
702 4704 845 4812 palato
874 4697 1066 4812 pectines
1093 4699 1177 4782 duo
1207 4693 1549 4809 longitudinales.
1607 4702 1764 4813 Corpus
1791 4700 1843 4782 ad
1870 4717 1888 4786 l
1919 4730 2099 4785 crasses-

390 4878 514 4958 cens,
572 4848 733 4937 dehinc
770 4877 911 4933 versus
953 4850 1129 4935 caudam
1167 4871 1447 4954 attenuatum,
1505 4847 1903 4965 depressiusculum,
1964 4865 2100 4939 scutis
