4404 5902
999 222 1173 326 l..····.=
1521 283 1525 286 ·
1845 243 1953 355 985,

388 461 505 542 Haec
540 452 713 572 reliquis
750 454 892 546 minor
922 458 1084 574 species
1120 459 1311 547 omnium
1344 460 1680 577 frequentissime
1719 485 1935 575 autumno,

248 616 302 700 ad
330 608 450 694 littus
478 608 683 693 orientale
713 608 1034 696 Camtschatcae
1064 633 1108 696 et
1135 612 1182 696 in
1209 636 1337 728 portu
1362 617 1432 699 SS.
1463 613 1578 698 Petri
1605 637 1649 698 et
1676 614 1796 700 Pauli
1823 613 1936 728 capi·

247 789 335 867 tur,
356 763 468 844 unde
498 758 605 844 mihi
633 759 814 876 plurima
842 762 1072 847 constantis
1097 764 1398 878 magnitudinis
1425 764 1657 880 specimina
1687 764 1813 868 missa
1839 786 1938 850 snut

248 919 444 1002 stellans
472 910 642 996 videtur
664 909 776 996 hanc
804 941 903 995 cum
928 890 1201 1027 praecedenti
1224 915 1376 1029 specie
1399 916 1656 1001 confudisse.

391 1066 560 1148 Descr.
618 1065 865 1173 Magnitudo
893 1093 1014 1176 supra
1042 1071 1190 1148 Percas
1220 1067 1403 1151 Cernuas
1439 1067 1669 1173 maximas,
1713 1067 1863 1183 quibus
1892 1087 1951 1179 et

248 1222 385 1322 forata
411 1212 600 1326 corporis
626 1210 848 1296 assimilari
876 1234 1046 1326 potest,
1071 1243 1177 1326 quae
1205 1218 1770 1330 compresso-teretiuscula.
1800 1220 1938 1331 Caput

248 1364 459 1465 conicum,
489 1360 926 1485 compressiusculutn„
948 1363 1115 1449 vertice·
1136 1387 1181 1448 et
1208 1389 1326 1480 parte
1347 1369 1638 1481 operculorum
1660 1366 1940 1476 subtilissime

249 1512 541 1631 squamulosis.
584 1513 646 1597 Os
669 1512 853 1597 tenuiter
878 1515 1100 1618 labiatum,
1117 1485 1119 1488 Ι
1134 1519 1308 1601 maxilla
1337 1517 1550 1632 superiore
1576 1519 1704 1633 paulo
1732 1517 1948 1631 longiore,

250 1664 565 1765 obtusiuscula,
613 1684 790 1776 utroque
829 1665 1015 1778 margine
1056 1664 1188 1750 acutis
1231 1667 1465 1752 denticulis
1500 1691 1720 1784 asperata,
1772 1671 1944 1774 infitior

251 1822 374 1935 apice
404 1812 683 1927 agmentatis,
717 1821 939 1927 areolaque
967 1815 1098 1929 palati
1125 1816 1278 1900 itidem
1308 1842 1530 1932 asperata·
1572 1821 1710 1903 Nares·
1732 1815 1940 1931 duplices,

250 1971 495 2055 membrana
533 1963 772 2079 prominula
811 1965 1030 2068 discretae,
1089 1967 1295 2081 Opercul‘a
1334 1965 1633 2082 integumentis
1673 1968 1721 2053 in
1761 1994 1943 2079 acumen¹

252 2122 472 2236 angulata;
513 2117 699 2200 Flabeila
739 2115 1050 2228 bruachiostega
1090 2085 1324 2202 sextadiata
1339 2182 1359 2222 ,.
1395 2120 1510 2234 pelle
1548 2121 1645 2203 laxa
1672 2123 1748 2204 sub
1776 2114 1943 2234 isthmo,

253 2274 375 2388 gulae
404 2265 672 2354 cohaerentia
701 2286 745 2349 et
772 2266 924 2351 soluta..
978 2272 1144 2383 Corpus·
1163 2270 1348 2381 oblongo
1364 2327 1374 2334 -
1393 2270 1673 2356 lanceolatum
1687 2333 1717 2370 ,.
1743 2265 1944 2383 apianis

254 2421 513 2511 neutralibus
543 2420 811 2501 adtenuatum
826 2478 844 2520 ,.
881 2428 1064 2534 squamis
1091 2418 1290 2523 minutis,
1319 2423 1397 2505 sed
1422 2420 1576 2537 asperis
1605 2444 1649 2506 et
1676 2418 1832 2529 ciliatis
1860 2415 1940 2527 ime

253 2574 474 2673 bricatum,
504 2567 607 2653 hinc
635 2567 737 2653 iude
764 2567 938 2652 maculis
965 2569 1211 2653 transversis
1230 2571 1441 2689 repandis,
1471 2572 1597 2657 simul
1620 2581 1754 2684 guttis
1764 2565 1942 2678 crebris,¹

255 2721 604 2839 argenteo-albis
643 2748 851 2834 sparsum,
895 2722 1036 2803 subtus
1079 2723 1530 2809 flavescente-album.
1586 2725 1739 2827 Sutura
1764 2722 1944 2831 dorsalis

253 2878 406 2978 unica,
434 2904 530 2959 cum
558 2880 666 2957 linea
692 2876 856 2956 laterali
882 2869 1010 2953 simul
1035 2874 1091 2955 ad
1114 2871 1298 2956 nucham
1327 2896 1431 2977 orta,
1461 2877 1683 2988 eidemque
1710 2895 1755 2959 et
1780 2840 1943 2987 pinnae

256 3026 372 3116 dorsi
398 3024 600 3141 parallelo
613 3083 634 3121 „
662 3048 841 3134 cumque
875 3019 1005 3136 pinna
1033 3021 1188 3106 dorsali
1216 3021 1380 3136 poetice
1409 3023 1579 3110 desinit.
1616 2997 1790 3109 'sutum
1817 2998 1941 3134 supra

256 3179 376 3266 illam
404 3181 649 3288 incompleta
686 3168 902 3292 anucha,
953 3174 1181 3263 secundum
1219 3170 1375 3286 pinnae
1416 3171 1592 3258 dorsalis
1632 3171 1850 3280 radicem,
1888 3171 1946 3282 ad

257 3336 513 3446 septimum,
534 3324 810 3410 tredecimum
838 3324 907 3407 'vel
936 3321 1252 3436 quindecimum
1278 3322 1444 3407 radium
1469 3311 1645 3437 delicit.⁴
1675 3325 1825 3408 Sutura
1851 3294 1947 3449 oen}

259 3488 378 3568 tratis
403 3477 508 3562 item
537 3477 733 3590 utrinque
761 3475 897 3577 unica,
927 3503 1038 3588 pone
1067 3474 1277 3558 ventrales
1300 3471 1449 3587 pinnas
1475 3473 1526 3559 in
1550 3503 1803 3586 uuamlcum
1829 3501 1942 3598 comf

258 3632 350 3749 pari
379 3593 510 3730 unita,
540 3627 722 3741 simplex
752 3630 804 3711 ad
832 3626 973 3737 gulam
1002 3624 1281 3708 continuatur.
1312 3625 1466 3710 Pinnae
1490 3627 1674 3729 dorsalec
1701 3625 1946 3733 distinctae,

259 3790 377 3898 prior
404 3816 470 3864 22.
497 3777 731 3894 posterior,
758 3777 883 3891 paulo
910 3774 1068 3873 latior,
1090 3809 1137 3858 ar
1170 3775 1409 3892 radiorum,
1435 3775 1510 3890 qui
1532 3803 1686 3876 omnes
1710 3774 1946 3895 simplices,

260 3938 308 4019 Ρ.
335 3936 559 4046 pectorales
586 3957 785 4044 magnae,
831 3927 1085 4040 expansione
1120 3927 1398 4045 rotundatas,
1434 3930 1720 4022 rufescentes,
1754 3921 1947 4049 margine

262 4087 485 4185 dentatae,
528 4079 656 4165 radiis
691 4117 750 4190 s7.
791 4076 1147 4191 simplicissimis,
1191 4105 1374 4191 quorum.
1406 4078 1558 4163 extimi
1592 4107 1720 4192 supra
1751 4076 1949 4191 infraque

263 4239 522 4321 decrescunt.
580 4238 628 4319 P.
656 4239 854 4318 ventrales
882 4229 1043 4329 rubrae,
1073 4229 1281 4325 robustae,
1309 4226 1584 4328 acuminatas,
1612 4258 1686 4313 sex
1714 4227 1943 4334 radiorum,

260 4388 307 4472 P.
335 4396 407 4469 ani
433 4385 524 4469 basi
550 4389 717 4482 rubens,
744 4381 957 4464 radiorum
984 4413 1049 4462 aa.
1078 4380 1153 4492 qui
1180 4409 1324 4465 ornnes
1352 4378 1578 4493 simplices,
1605 4379 1784 4465 setacei.
1836 4380 1943 4464 Catt-

264 4540 340 4623 tlae
369 4536 498 4651 pinna
528 4536 739 4650 aequalis,
770 4531 1030 4631 lulvesceus,
1059 4529 1188 4615 radiis
1215 4550 1384 4643 praeter
1405 4530 1665 4616 adminicula
1697 4550 1760 4634 14,
1786 4529 1942 4650 bifidis,

261 4690 375 4777 asco
402 4687 647 4808 pallidaque
676 4687 834 4774 alterne
863 4680 1083 4772 annulatis.
1139 4657 1372 4796 Lougitudo
1416 4681 1612 4772 maximis
1642 4710 1831 4773 meorum
1857 4707 1948 4798 spe·
