4404 5902
892 312 1041 371 etz-¹..

673 524 719 631 11’)
747 521 951 634 ‘Species
992 523 1249 603 anomala.

354 706 474 830 '13·9.
532 671 951 804 BLENNIUS
1006 713 1575 835 polyoctocopbalus.

254 937 307 1014 B.
332 932 579 1046 pedunculis
602 957 785 1047 quatuor
813 930 1153 1047 supraciliaribus
1181 932 1429 1018 uniramosis
1457 930 1697 1047 majoribus,
1727 961 1817 1016 rer·

103 1083 219 1170 ·ticis
247 1084 411 1167 octonis
440 1083 717 1199 simplicibus.

259 1235 484 1350 Specimen
513 1238 701 1321 anomali
728 1237 850 1350 hujus
878 1238 1019 1354 piscis,
1049 1238 1161 1321 inter
1183 1237 1265 1319 alia
1287 1237 1450 1322 curiosa
1474 1269 1498 1322 e
1521 1235 1820 1323 Camtschatca

111 1389 433 1492 transmissum,
490 1389 711 1494 siccatum,
769 1392 859 1475 sine
894 1391 1094 1476 ulteriore
1136 1390 1407 1476 adnotatione
1448 1392 1626 1506 accepi,
1683 1391 1820 1476 etsie

110 1541 350 1654 descripsi.-

256 1697 429 1780 Descr.
487 1699 719 1808 Longitudo
747 1697 932 1813 pedalis,
953 1700 1095 1805 forma
1125 1697 1189 1778 Bl.
1220 1693 1403 1809 vivipari
1432 1718 1477 1780 et
1504 1727 1654 1812 corpus
1686 1728 1847 1812 aequaw
1906 1806 1910 1822 .

115 1846 249 1933 molle
271 1878 326 1930 ac
355 1851 536 1952 fluxum,
580 1851 808 1964 squamulis
839 1849 1032 1946 minutis,
1077 1849 1279 1931 mollibus
1307 1869 1483 1931 tectum.
1543 1854 1681 1963 Caput
1708 1875 1818 1936 retu·

124 2027 234 2102 sum,
279 2000 597 2104 brevissimum,
641 2006 1245 2115 subterragono-convexum‚
1294 1999 1472 2084 maxilla
1499 1977 1699 2087 inferiore
1728 2005 1820 2088 lon·

113 2150 258 2264 giore,
302 2175 476 2266 utraque
517 2155 643 2269 plane
685 2156 898 2241 edentula.
968 2159 1098 2239 Frons
1140 2152 1253 2237 inter
1287 2152 1444 2237 orbitas
1490 2155 1816 2268 approximatas,

112 2304 390 2411 majusculas,
420 2309 639 2420 depressa,
667 2314 840 2422 spinulis
863 2344 900 2391 2.
928 2306 1241 2422 cartilagineis,
1270 2305 1444 2389 minutis
1471 2304 1517 2390 in
1548 2307 1706 2406 medi0‚
1735 2339 1819 2392 una

110 2486 232 2571 pone
262 2457 461 2559 alteram3
510 2459 562 2541 ,in
592 2480 768 2572 utroque
798 2462 1025 2574 supercilio
1055 2462 1274 2576 pedunculi
1303 2459 1386 2541 duo
1417 2458 1709 2571 cartilaginei,
1753 2491 1819 2543 ca·

110 2605 395 2721 thetoplatei,
425 2609 591 2725 postico
620 2611 808 2724 margine
839 2613 1068 2710 acutiores,
1109 2609 1359 2712 unitamosi,
1409 2641 1587 2724 quorum
1616 2611 1821 2727 posterio-

110 2791 183 2846 res
211 2762 339 2876 paulo
369 2769 563 2874 majores,
609 2762 926 2877 crassioresque.
986 2768 1028 2849 V
1025 2785 1138 2848 arten
1170 2793 1283 2878 pone
1313 2763 1470 2847 orbitas
1499 2762 1819 2868 subexcavatus,

111 2913 238 3030 quasi
267 2911 491 2998 muricatos
517 2920 664 3000 cirrbis
691 2916 975 3030 cartilagineis
1002 2915 1181 3018 erectis,
1232 2913 1278 2999 in
1308 2915 1472 3029 duplici
1500 2916 1608 3000 serie
1638 2916 1818 3020 octonis,
1904 2958 1911 2976 ·

100 3088 297 3183 ‘quorum
326 3067 501 3181 postici,
532 3068 668 3151 iidem
698 3091 741 3151 et
767 3072 953 3155 exterius
981 3068 1138 3184 positi,
1168 3066 1411 3150 uniramosi.
1470 3058 1689 3152 Praeterea
1718 3101 1818 3183 apo·

113 3225 275 3334 physas
304 3219 465 3334 aliquot
508 3219 659 3304 molles
703 3251 780 3335 per
817 3225 1113 3338 operculorum
1157 3219 1320 3302 discum
1359 3249 1550 3332 sparsae:
1608 3223 1819 3335 Opercula

111 3372 425 3486 subtriangula‚
484 3376 647 3489 postice
691 3399 836 3474 acuta3
883 3378 1064 3485 flabella
1099 3373 1228 3455 radiis
1271 3400 1346 3455 sex
1386 3370 1540 3469 osseis,
1595 3373 1817 3477 teretibus,

113 3523 321 3623 arcuatis,
368 3556 543 3638 quorum
574 3527 790 3642 proximus
820 3533 895 3614 sub
926 3528 1126 3644 operculo
1158 3529 1346 3610 adnatus.
1418 3527 1578 3635 Corpus
1606 3554 1816 3638 compres-

110 3709 225 3762 sum.
282 3678 413 3761 Pinna
454 3682 567 3765 dorsi
604 3711 689 3765 non
729 3683 855 3796 longe
894 3715 920 3765 a
958 3678 1098 3764 nucha
1143 3677 1376 3791 incipiens,
1422 3677 1508 3757 fere
1549 3679 1601 3760 ad
1635 3679 1817 3762 caudam

108 3828 339 3932 continua,
384 3832 596 3918 radiorum
626 3850 692 3921 60.
762 3837 807 3918 P.
839 3843 909 3917 ani
945 3826 1191 3947 bipollicari
1231 3831 1318 3912 fere
1361 3828 1587 3912 intervallo
1629 3830 1680 3911 ab
1718 3857 1814 3932 ano,

109 3985 171 4068 ad
202 3982 338 4097 ipsam
376 3988 557 4072 caudam
601 3985 866 4087 continuata,
918 3984 1081 4100 postica
1123 3984 1170 4067 in
1211 3980 1414 4068 laciniam
1454 3979 1814 4097 productiuscula.

109 4137 293 4224 caudae
321 4137 453 4254 pinna
480 4130 766 4255 subaequalis,
790 4138 1005 4224 radiorum
1038 4150 1100 4222 ιδ.
