4404 5902
902 287 1052 344 a·
1723 254 1818 364 ὅτι

121 481 277 570 cibum
302 476 521 570 vertendo.
578 470 829 566 Indurantur
869 475 999 599 etiam
1041 478 1184 585 fumo,
1240 467 1313 565 vel
1350 475 1398 566 in
1437 481 1568 568 furnis
1601 483 1752 571 siccati
1777 506 1823 571 et

120 631 380 724 comminuti
407 630 452 717 in
480 631 610 718 saccis
637 635 932 735 adservantur,
974 634 1089 745 quod
1116 634 1267 717 Porssn
1302 656 1472 720 vocant.
1531 641 1582 720 In
1619 651 1714 722 sere
1742 633 1821 722 sic·

121 787 213 891 cati
241 784 417 888 audiunt
442 789 753 897 Kutschnmcs,
786 787 931 907 Carne
948 807 1091 871 autem
1115 806 1213 871 sunt
1240 787 1347 875 adeo
1373 787 1490 875 fulvo
1506 809 1570 874 et·
1590 758 1742 894 rubis,
1765 806 1821 874 -ut

120 932 315 1057 pruneiu-
329 939 580 1024 candentem
609 941 776 1024 referat.
892 909 896 916 Ι

263 1093 450 1177 Descr.
506 1091 759 1207 Plerumque
785 1089 1010 1208 bipedalis.
1069 1093 1270 1180 Succedit
1297 1090 1450 1199 fluviis,
1482 1090 1624 1182 colore
1653 1090 1818 1208 argenti

69 1258 72 1263 ’
119 1242 338 1361 purissimi
364 1234 507 1345 instar*
523 1242 815 1358 splendente,
844 1255 1031 1333 maxillis
1055 1268 1157 1332 tunc
1184 1246 1311 1332 rectis
1352 1269 1398 1332 et
1432 1246 1590 1348 acutis,
1630 1247 1819 1333 dentibus

121 1374 317 1500 minutis,
348 1394 422 1478 vix
451 1392 676 1481 dimidiam
702 1395 859 1496 lineam
887 1399 1180 1514 aequantibus,
1215 1430 1389 1515 quorum
1421 1401 1571 1486 decem
1598 1398 1646 1484 in
1673 1399 1819 1512 lingua

118 1579 202 1667 per
227 1549 327 1632 duas
356 1546 485 1632 series
513 1546 694 1666 digesti,
735 1549 876 1662 plures
909 1549 956 1634 in
992 1549 1191 1666 margine
1215 1552 1432 1666 utriusque
1464 1549 1737 1637 mandibulae
1771 1570 1817 1634 et

119 1692 171 1786 in
199 1700 357 1785 lamina
385 1721 621 1815 mystnces,
642 1719 694 1782 et
719 1695 825 1782 item
855 1699 899 1784 in
927 1704 1070 1816 palato
1097 1732 1175 1818 per
1203 1727 1288 1789 tres
1314 1701 1446 1788 series
1470 1699 1638 1816 digesti,
1667 1728 1815 1788 omnes

120 1866 349 1939 retrorsum
381 1848 560 1955 adunci,
599 1848 761 1964 priores
794 1851 839 1936 in
876 1852 1063 1939 maxillis
1098 1863 1291 1969 majores.
1347 1861 1397 1940 In
1434 1852 1565 1953 fluvio
1593 1850 1697 1938 dein
1723 1879 1817 1936 ver·

115 2003 312 2091 sentibus
330 2010 536 2092 macutus
561 2004 610 2090 in
637 2030 792 2090 uncum
829 2001 1044 2118 insignem
1081 2029 1308 2092 curvantur
1343 1979 1390 2091 et
1415 2009 1563 2092 dentes
1591 2003 1712 2118 qussi
1738 2002 1816 2088 nri·

120 2156 269 2245 raculo
296 2178 498 2270 augentur
524 2157 716 2272 (qualem
745 2166 842 2243 leon
870 2180 1008 2243 nostra
1037 2157 1270 2274 exprimit)
1295 2158 1540 2244 :stautai
1566 2176 1667 2240 tunc
1698 2152 1817 2240 unm·

116 2311 536 2411 nato-detussntae,
562 2308 967 2424 superiotlongior,
999 2312 1140 2395 'valide
1167 2313 1390 2414 dentatae,
1418 2330 1468 2393 ut
1498 2336 1547 2392 os
1574 2306 1700 2422 plane
1727 2334 1818 2391 nort·

112 2466 256 2584 possit
280 2461 420 2563 claudi
430 2521 445 2562 ,
472 2461 670 2548 dentibus
698 2459 856 2547 anticis'
877 2456 1142 2547 maxillarum
1170 2460 1381 2548 minimis.
1409 2461 1535 2546 Oculi
1561 2456 1820 2553 mediocrem

114 2616 249 2705 irides
272 2615 404 2701 niodo
430 2643 457 2699 e
487 2613 748 2717 virescente,
779 2617 908 2699 modo
936 2645 960 2700 e
989 2603 1304 2701 coerulescente
1333 2609 1572 2727 argenteae.
1607 2609 1817 2726 Operculu

110 2764 420 2883 branchiasum
459 2767 704 2867 rotundato}
759 2766 947 2854 flabello
986 2769 1244 2854 brundunlia
1285 2782 1334 2872 ¹4
1369 2765 1614 2851 lamellae-s·
1654 2763 1818 2878 carpus

111 2949 331 3024 cressum,
381 2918 694 3022 lrnoeolatum',
746 2912 1168 3034 dompressiusculum
1182 2981 1210 3022 ,-
1249 2917 1437 3035 pingue,
1476 2915 1661 3032 squamis
1678 2909 1816 3030 'paulo

112 3072 374 3185 majoribus,
403 3066 551 3187 qusm'·
565 3056 742 3157 Eriocis.
773 3074 899 3158 Linea
925 3071 1110 3156 lateralis
1138 3072 1268 3155 dorso·
1289 3068 1485 3185 propior,
1513 3089 1610 3153 ante
1637 3064 1818 3182 pinnam

10 3266 16 3277 ·
109 3225 333 3317 dorsalem
359 3223 576 3341 paululum
604 3222 876 3308 s'dsoendens.
935 3224 1066 3307 Pinna
1103 3221 1220 3307 dorsi
1254 3224 1345 3306 rad.
1384 3218 1609 3320 undecim,
1644 3226 1824 3327 praeter·

108 3374 408 3478 adminiculus
436 3377 612 3493 adipem
640 3389 816 3488 magns,
847 3405 1001 3478 crasso,
1031 3372 1283 3491 spathulata.
1311 3374 1359 3457 P.
1388 3367 1728 3490 pectorales'rsd'.
1751 3378 1819 3471 14.-

112 3536 329 3625 uennules
351 3528 441 3616 rad.
475 3563 537 3614 ro.
565 3549 612 3615 et
645 3563 705 3614 r-r.
763 3529 987 3644 Appendix
1015 3528 1068 3614 ad
1096 3549 1315 3640 utramque
1342 3515 1826 3639 inresoluto-'lineariu-

113 3711 308 3796 magna,
348 3679 574 3768 dimidiam
612 3679 923 3794 longitudinem
962 3679 1128 3796 pinnae·
1158 3677 1285 3797 paulo
1326 3684 1596 3795 exsuperans
1657 3673 1706 3755 P.
1743 3675 1829 3753 usti·

111 3835 421 3924 coerulescens
432 3896 449 3939 ,
477 3834 623 3921 lusco·
641 3834 869 3933 nebulosa,
896 3831 1050 3918 radios.
1086 3846 1148 3920 ιδ.
1203 3832 1358 3918 Cautio·
1379 3830 1488 3935 lata,
1517 3819 1812 3938 subfouipata,

108 3991 243 4084 firsca
259 4043 276 4088 ,
302 3988 391 4075 rud.
422 4019 490 4077 ar.
516 3986 569 4059 ι’·-
598 3988 834 4101 longitudo
868 3990 913 4073 ι’.
947 3978 1483 4102 10⁴.·4'''.Caput‘o“.u'‘.
1611 4034 1621 4049 ·

553 4332 558 4341 .
648 4338 661 4349 ,,
1014 4332 1040 4356 ,,
1198 4326 1205 4335 .
