4404 5902
282 320 373 408 170
1044 322 1191 379 ι-

409 528 457 615 N
459 562 483 617 o
491 548 523 615 t.
577 523 898 644 Descriptiones
925 548 970 612 et
995 531 1148 612 Icones
1170 546 1390 611 auctorum
1422 524 1721 642 imperfectae,
1775 525 1969 651 ideoque

271 713 507 798 synonyma
537 681 680 767 dubia.
738 687 889 768 Forma
918 679 1081 796 species
1108 676 1215 764 haec
1243 680 1371 763 refert
1398 676 1569 767 iconem
1594 679 1715 767 Zool.
1735 682 1878 794 Bru(
1909 696 1971 802 ω)

271 835 358 921 tub.
389 850 455 923 36.
486 833 556 919 cui
589 856 736 919 tamen
776 831 907 920 cirrhi
950 829 1245 948 supraciiiares
1283 830 1407 917 nulli.
1477 837 1538 918 Ut
1576 831 1790 919 diluantur
1815 836 1972 941 dubis,

272 985 412 1102 adjeci
437 987 582 1072 icones
607 1008 652 1071 et
678 985 1009 1102 descriptionem
1035 982 1350 1070 accuratiorem.
1379 986 1640 1102 *Sequentes
1666 985 1830 1102 species
1857 1020 1971 1107 pom·

272 1141 384 1226 ricae
412 1173 437 1226 a
463 1122 646 1259 cognitis
675 1138 866 1224 diversae
896 1139 1111 1224 videntur.

383 1437 495 1530 129.
553 1410 975 1503 BLENNIUS
1028 1410 1225 1501 Varus.
1275 1403 1408 1498 TAB.
1445 1406 1569 1501 XLI.
1597 1402 1682 1527 fig
1723 1437 1770 1504 1.
1807 1440 1868 1517 2.

411 1604 459 1683 Β.
499 1601 625 1684 dorso
662 1597 914 1702 rotundttlo„
967 1593 1225 1712 pedunculis·
1260 1592 1609 1710 supraciliaribus-
1636 1596 1840 1705 sensatis,
1897 1634 1982 1693 n»

271 1748 383 1835 rium
412 1748 677 1866 quadrisetis.

410 1909 533 1987 Inter
554 1904 877 2018 praecedentes,
908 1900 1059 2016 quibus
1087 1933 1185 1988 cum
1212 1903 1346 1987 torma
1373 1900 1605 1988 subsimilis
1617 1966 1637 2008 ,.
1659 1901 1793 1991 rarius
1820 1936 1975 1998 occttr⁵

270 2053 327 2140 rit
363 2057 411 2141 in
452 2055 614 2140 vadoso
650 2055 900 2172 praesertim
938 2054 1034 2140 sinu
1074 2054 1402 2160 Theodosiana,
1450 2051 1704 2142 Chersonesi
1743 2059 1979 2172 Tauricae,

270 2207 386 2293 circa
412 2207 708 2323 Sevastopolin
735 2206 809 2290 vix
838 2210 1093 2295 observatus.
1152 2217 1203 2294 In
1231 2206 1391 2323 Spiritu
1420 2205 1512 2292 uini
1539 2206 1724 2322 rigescit.

407 2362 581 2445 Descr.
637 2358 1084 2475 Quinquepollicaris,
1123 2366 1258 2449 forma
1292 2359 1488 2478 proxime
1530 2361 1848 2475 praecedentis,
1891 2370 1975 2457 sed

267 2515 409 2602 minus
436 2510 702 2598 ventricosus
726 2534 771 2596 et
798 2513 928 2598 dorso
950 2515 1088 2600 minus
1116 2515 1317 2601 carinatm
1376 2517 1513 2628 Caput
1550 2514 1702 2619 breve,
1744 2516 1978 2607 obtusissi-

267 2701 407 2770 musu,
439 2696 560 2780 supra
589 2695 636 2749 os
663 2665 803 2780 magis·
824 2664 1025 2780 gibbum,
1048 2677 1228 2754 venaris
1251 2663 1555 2781 insignioribus
1582 2688 1631 2751 et
1653 2664 1981 2783 copiosioribus

267 2850 454 2937 sparsum
492 2820 654 2903 duabus
691 2817 942 2934 praesertim
981 2820 1206 2934 majoribus
1246 2823 1330 2906 sub·
1358 2817 1478 2905 labio.
1513 2816 1714 2905 inferiore
1740 2822 1862 2935 (fig,
1893 2834 1976 2941 m).

265 2973 419 3076 Labra,
449 2973 614 3057 dentes.
643 2978 838 3087 operculo
863 2972 1035 3075 flabella
1062 2994 1297 3058 transverso
1325 2972 1476 3057 coll'ari
1503 2993 1701 3077 connata,
1745 2994 1796 3058 et
1820 2984 1973 3094 pinna·

264 3157 358 3213 rum
381 3125 514 3211 forma
524 3187 543 3229 ‚.
583 3122 769 3227 similia,
806 3125 884 3209 sed
908 3124 1083 3209 d‘orsaii's
1111 3148 1155 3210 et
1180 3159 1222 3242 p.
1254 3126 1324 3211 ani
1353 3124 1491 3209 minus
1519 3126 1579 3209 sd
1601 3126 1787 3211 caudens
1811 3132 1974 3244 produ»

265 3304 379 3366 stae.
437 3280 595 3362 Dentes.
631 3286 771 3361 canini
806 3276 940 3360 enam
979 3277 1115 3362 multo
1156 3277 1358 3382 minores,
1407 3276 1482 3362 six
1524 3275 1770 3393 prominuii.
1839 3282 1972 3371 Petis

264 3430 452 3535 crassior,
480 3453 716 3514 transverse
743 3428 860 3542 rugis·
882 3429 1167 3514 subtilissimis
1196 3453 1381 3534 exarata,
1409 3452 1454 3515 et
1481 3429 1529 3514 in
1549 3427 1691 3546 pinnis
1711 3430 1974 3539 fortissime,

263 3612 407 3701 opace.
478 3581 719 3665 Secundum
756 3581 912 3696 pinnae
954 3583 1128 3667 dorsalis
1164 3582 1283 3668 basin
1312 3614 1420 3698 ruga
1447 3580 1796 3698 longitudinalis,
1840 3616 1967 3701 (μιω

263 3734 497 3821 articulata.
568 3733 691 3818 Oculi
732 3733 815 3817 situ
851 3731 1037 3838 similes,
1074 3737 1253 3821 indibus·
1288 3735 1430 3822 luteis.
1498 3736 1632 3820 Nares
1673 3736 1833 3821 eodem
1860 3738 1972 3843 sint.

263 3891 337 3973 sed
366 3887 596 3971 anteriores
625 3887 852 3996 pedunculo
881 3908 1113 3972 antrorsum
1143 3909 1372 4003 prostrato,
1425 3885 1548 3973 molli
1558 3947 1578 3985 ,
1614 3885 1865 4003 quadriseto
1893 3892 1968 3978 sti·

259 4064 398 4158 patae.
469 4039 725 4123 Padunculus
766 4036 920 4123 itidem
960 4041 1125 4155 postice
1164 4072 1286 4157 supra
1326 4062 1558 4156 utrumque
1590 4039 1796 4145 acidum..
1832 4046 1967 4160 pardo

259 4200 412 4305 major,
455 4189 623 4294 mollis,
661 4190 944 4290 subclavatus,
1002 4192 1124 4308 apice
1155 4202 1296 4281 seculis
1323 4224 1397 4279 sear
1424 4194 1637 4309 palmatus·
1660 4192 1776 4306 (ngr
1815 4230 1858 4283 ι.
1880 4208 1961 4313 3.).

258 4348 415 4431 Sutura
437 4350 644 4447 lanus,
701 4342 827 4428 utin
861 4347 1134 4459 praecedenti
1171 4369 1370 4451 curvate„
1418 4374 1532 4462 pone
1566 4374 1698 4429 enum
1730 4370 1856 4433 tecm
1883 4380 1966 4467 pet

258 4498 437 4584 caudam
464 4523 663 4612 pergens,
700 4518 844 4582 notata
869 4509 1047 4584 voracis
1077 4497 1407 4613 insignioribus,¹
1436 4498 1488 4583 in·
1509 4517 1638 4614 perte
1660 4522 1837 4587 uenata
1865 4506 1965 4591 sub·

257 4647 650 4766 quincuncialibus,.
686 4647 875 4735 inrecta
904 4649 1133 4750 solitariis,.
1167 4683 1249 4735 una
1278 4650 1385 4736 serie
1413 4651 1680 4738 distantibus.
1737 4654 1874 4741 Color
1899 4680 1965 4745 te·

255 4799 339 4887 tius
367 4803 525 4910 iussus,
562 4801 741 4890 maculis
769 4802 924 4919 sparsis
949 4802 1080 4919 nigris
1110 4807 1350 4912 (recentem
1371 4832 1465 4891 non
1485 4802 1620 4923 ridi).
1669 4805 1835 4897 Pom
1861 4837 1963 4927 ope·
