4404 5902
873 284 1018 336 a
1493 374 1496 379 Ι
1697 260 1787 361 361

104 491 215 576 ioue
243 516 293 575 os
319 488 531 575 barbatae.
588 485 748 602 Corpus
782 483 966 605 pingue,
1003 509 1142 593 teres,
1179 515 1325 604 perum
1354 514 1664 606 compressum,
1706 481 1795 572 nisi

100 672 243 726 versus
274 626 480 735 caudam,-
519 641 701 726 Dorsum
727 642 868 728 antice
896 638 1247 757 pinguissimum,
1275 671 1538 745 convexum,
1569 640 1685 725 sulco
1714 642 1790 722 ob·

102 797 241 892 soleto
269 813 366 876 ante
393 791 568 904 pinnam
601 793 825 879 dorsalem.
883 799 934 876 In
976 792 1203 904 majoribus
1244 795 1361 879 alvus
1401 790 1650 910 praesertim
1691 810 1788 874 ante

96 944 250 1060 pinnas
280 941 490 1026 ventrales
517 941 807 1030 ventricosior.
864 949 993 1030 Linea
1027 944 1213 1029 lateralis
1245 969 1359 1033 recta
1372 1006 1386 1045 ,
1427 943 1501 1042 uix
1537 945 1591 1028 ad
1620 971 1791 1058 opercu-

93 1095 235 1182 lorum
267 1094 408 1181 sinum
437 1096 731 1180 adscendendo
760 1093 1001 1200 declinata,
1030 1095 1077 1179 in
1105 1126 1281 1211 corpore
1310 1100 1436 1183 dorso
1465 1097 1593 1212 paulo
1619 1092 1791 1209 propin·

97 1248 255 1363 quior,
300 1275 377 1362 per
412 1246 590 1330 caudam
633 1246 930 1361 aequidistans.
988 1250 1141 1332 Pinnae
1167 1249 1280 1337 dorsi
1306 1237 1471 1352 fuscae,
1509 1246 1626 1363 prior
1653 1243 1790 1330 radio·

90 1430 192 1487 rum
228 1434 270 1483 ιι
302 1401 373 1484 vel
410 1432 470 1483 ru.
499 1426 677 1510 quorum
705 1398 820 1512 prior
846 1401 1056 1517 simplex,
1086 1399 1345 1486 adminiculo
1373 1401 1574 1517 stipatus;
1612 1397 1788 1510 adiposo

90 1579 279 1664 magna,
332 1579 481 1637 crassa.
552 1551 641 1634 Pin.
683 1558 907 1666 pectorales
945 1538 1034 1636 rad.
1076 1564 1300 1659 16-18.
1369 1555 1410 1638 V
1406 1558 1581 1638 cumules
1618 1548 1787 1632 albidas

87 1702 315 1802 radiorum
340 1735 401 1788 ιο.
429 1701 563 1787 fulcro
592 1725 921 1806 connumerato,
952 1702 999 1788 in
1028 1701 1214 1800 aliis123
1241 1705 1486 1821 appendices
1513 1699 1787 1797 lanceolatae,

88 1852 356 1967 triquetrae,
388 1851 588 1967 insignes.
616 1853 663 1937 P.
693 1863 763 1938 nni
791 1853 1048 1953 ruberrima,
1074 1851 1287 1939 radiorum
1322 1889 1385 1942 ιο.
1411 1853 1554 1968 primo
1579 1847 1787 1949 breviore,

85 2007 265 2092 duobus
295 2004 438 2089 fulcris
466 2003 635 2121 stipato.
692 2007 863 2091 Coudoe
891 2005 1021 2122 pinna
1050 2007 1225 2092 obscure
1252 2009 1400 2111 rubra,
1435 2000 1663 2113 19radiata
1688 2005 1789 2084 luci·

83 2165 168 2243 nia
196 2159 381 2266 inferiore
409 2159 581 2260 obtusa,
627 2155 839 2270 superiore
879 2159 1079 2242 acutiore.
1139 2161 1319 2246 Dorsum
1352 2148 1617 2251 fnscescens‚
1656 2152 1788 2236 latera

84 2331 482 2421 cano-argentea,
527 2331 675 2393 venter
705 2307 836 2393 albus.
893 2311 1051 2396 Puncta
1079 2311 1290 2425 lusoauvel
1319 2305 1570 2422 nigricantis
1596 2307 1644 2390 in
1670 2331 1789 2418 oper·

79 2459 208 2551 culis
237 2466 393 2573 majore
422 2481 465 2543 et
492 2488 569 2575 per
597 2461 767 2547 dorsum
796 2480 841 2543 et
867 2461 998 2546 latere
1025 2491 1177 2577 sparsa.
1234 2464 1439 2577 Squomae
1466 2455 1693 2557 minima03
1722 2485 1789 2540 cu·

77 2621 149 2700 eis
176 2607 448 2725 praepinguis
476 2633 521 2694 et
548 2609 714 2710 dulcis,
742 2631 790 2694 ut
817 2639 841 2695 s
871 2611 1095 2727 Carpione.
1118 2616 1232 2711 ‚Coro
1259 2615 1399 2715 firma,
1429 2610 1540 2710 alba,
1567 2602 1785 2694 deliciosa.

76 2760 335 2874 Longinus
360 2759 408 2845 in
436 2759 582 2847 selibri
595 2767 596 2770 ‘
610 2767 658 2848 ι’.
690 2767 747 2847 ι’.
779 2769 844 2847 om.
873 2764 1025 2879 capitis
1054 2767 1106 2849 ad
1135 2762 1369 2880 marginem
1403 2763 1697 2879 operculorum
1726 2764 1788 2847 δ”.

70 2919 162 3009 δ”.
193 2911 394 2997 distantia
434 2911 618 2998 oculi-a
659 2912 801 3000 medio
842 2937 977 3002 rostro
1012 2920 1064 3001 ι”.
1093 2916 1159 3023 ιζ’.
1200 2915 1356 3031 pinnae
1394 2913 1571 3001 dorsalis
1605 2921 1687 3035 ro''.
1722 2911 1785 2996 1'''.

72 3065 287 3181 ejusdem
313 3062 495 3149 latitudo
523 3068 578 3150 u''.
608 3069 692 3174 9''·'
717 3067 770 3150 ad
812 3097 855 3180 p.
899 3068 1116 3185 adiposam
1150 3069 1203 3153 ι’.
1233 3073 1293 3155 5”.
1323 3067 1392 3153 ο”’.
1436 3067 1492 3151 ad
1522 3064 1613 3180 pin.
1640 3083 1787 3187 pecto·

66 3216 205 3307 mles
235 3213 294 3302 δ”.
324 3215 391 3302 δ”.
422 3217 476 3321 ed
504 3216 714 3302 ventrales
748 3219 793 3300 ι’.
829 3227 883 3303 ι”.
918 3217 981 3304 ι”’.
1016 3216 1242 3334 adponi
1274 3217 1317 3300 ι’.
1346 3221 1403 3304 δ”.
1433 3219 1503 3304 δ”.
1540 3215 1664 3325 hujus
1691 3208 1785 3296 lati·

62 3367 201 3461 tudo
234 3369 288 3450 r''.
323 3367 413 3458 ro'''.
454 3363 794 3453 circumferentia
833 3369 966 3457 medii
1002 3369 1189 3485 corporis
1222 3371 1304 3453 11''·
1331 3356 1404 3454 8'‘'.
1460 3363 1508 3452 in
1542 3364 1659 3483 pisce
1701 3360 1787 3448 ulio

63 3558 104 3639 7
141 3518 359 3604 librarum
387 3516 609 3632 longitudo
636 3539 725 3603 tota
755 3523 801 3602 ι’.
837 3520 993 3608 1‘'.6'‘.
1049 3523 1189 3634 Hepor
1215 3517 1318 3606 huic
1346 3516 1456 3633 pisci
1484 3516 1668 3603 anterius
1696 3515 1786 3631 gib·
1854 3538 1856 3542 ·

59 3674 210 3770 hum,
241 3667 446 3754 bilobum.
476 3668 633 3755 Ouario
656 3667 837 3783 trigona,
868 3671 1139 3788 amplissimis
1168 3679 1292 3759 onata
1315 3669 1455 3775 rutila,
1477 3667 1794 3791 grandiuscula..

52 3820 381 3940 Appendicum
419 3814 647 3907 fascienlus
688 3822 884 3935 grandis,
942 3824 1029 3909 lere
1069 3820 1334 3938 prismaticus
1344 3882 1361 3922 ,
1413 3821 1566 3938 pyloro
1604 3819 1785 3906 innatus.

54 3979 241 4092 Cystis
267 3971 396 4057 fellea
424 3971 578 4088 ample.
635 3974 909 4089 Oesophagus
935 3975 1055 4087 quasi
1083 3974 1130 4060 in
1157 3972 1392 4091 ingluviem
1421 3970 1633 4059 dilatante.
1682 3972 1785 4056 Ven-

52 4127 292 4227 nicrum,
333 4119 410 4211 ubi
448 4122 701 4232 reflectitur,
742 4123 1024 4212 validissimus
1051 4130 1141 4239 (·),
1189 4155 1325 4214 cressa
1365 4125 1600 4214 mmculoss
1639 4121 1793 4212 tunice

72 4368 727 4409 ..ρ-...υ-

122 4523 197 4622 (')
229 4525 286 4592 Sic
327 4527 439 4594 etiem
477 4527 515 4593 in
554 4529 653 4616 pisce
691 4533 903 4614 truttaceo,
942 4547 1048 4625 quem
1082 4524 1190 4616 Angli
1215 4527 1362 4596 nomine
1393 4520 1594 4616 hybernlco
1619 4511 1784 4596 Gillorot·

84 4692 92 4701 -
217 4640 332 4714 Trout
357 4644 609 4737 distinguunt,
651 4648 794 4739 dequo
820 4646 940 4717 Nobil
987 4643 1121 4720 'Dones
1143 4642 1345 4736 Barringtor
1370 4648 1409 4713 ln
1435 4642 1515 4717 Act.
1540 4643 1674 4726 Anulis.
1703 4641 1783 4721 Vn.

216 4760 356 4838 LXIV.
378 4781 470 4861 part.
502 4792 533 4839 r.
556 4786 591 4863 p.
622 4771 703 4841 116.
730 4790 794 4862 seq.
1370 4791 1374 4797 ·

1291 4897 1345 4988 4s
