4404 5902
615 634 731 707 101.
785 598 1129 703 CO'l’TUS
1185 607 1539 701 Anostomus.
1595 600 1728 699 TAB.
1781 604 1912 700 XXI.

550 882 605 972 C.
637 880 781 999 capita
807 881 1191 999 parallelepipedo,
1218 876 1430 995 operculis
1455 871 1706 993 bispinosis,
1730 880 1908 967 maxilla
1932 875 2116 973 iuferio-

415 1068 460 1124 re
495 1032 853 1153 perpendiculari,
888 1030 1021 1150 spinis
1046 1004 1471 1149 postbrauchialibus.
1708 1025 1714 1035 ’

401 1230 404 1239 ·
558 1194 608 1271 ln
635 1182 850 1271 littoribus
878 1182 1135 1274 Chersonesi
1158 1181 1363 1289 tauricae,
1420 1178 1668 1298 praesertim
1693 1176 1807 1269 circa
1836 1204 2009 1299 portuum
2038 1186 2116 1273 Se·

417 1336 771 1456 restopolitanum
798 1340 1076 1450 (Ctennrrtcm)
1108 1362 1195 1421 non
1222 1363 1315 1419 raro
1341 1335 1521 1449 capitur.
1584 1333 1670 1418 Sed
1695 1364 1781 1421 non
1805 1333 1854 1419 in
1878 1338 1942 1423 M.
1970 1337 2116 1425 medi·

414 1502 609 1579 'terraneo
635 1510 797 1573 tantum
825 1480 1082 1604 hospitatur,
1138 1489 1214 1571 sed
1251 1507 1297 1570 et
1334 1483 1382 1571 in
1419 1484 1484 1570 Μ.
1526 1480 1699 1598 belgico
1737 1515 1763 1569 a
1792 1514 1865 1572 me
1889 1488 2115 1601 quondam

417 1646 658 1730 observatus
686 1663 772 1743 est,
828 1637 912 1725 nisi
953 1637 1027 1724 hic
1063 1635 1206 1754 specie
1235 1632 1435 1724 differat?
1488 1639 1604 1753 quod
1629 1634 1889 1752 comparatio
1914 1638 2113 1729 docebit.

418 1795 545 1881 Certe
575 1791 829 1877 simillimus.

550 1945 721 2030 Descr.
764 1944 996 2056 Longitudo
1023 1939 1381 2042 subdodrantalis,
1423 1963 1552 2057 caput
1574 1963 1622 2043 ,³0-
1650 1938 1793 2027 totius.
1847 1942 1988 2061 Caput
2016 1944 2112 2033 dia-

419 2119 557 2182 metro
586 2099 674 2183 fere
706 2092 1074 2209 sesquipollicare,
1104 2093 1597 2195 cuboideo·convexum,
1625 2122 1748 2207 supra
1774 2089 2109 2210 planiusculum,

415 2244 555 2329 antire
585 2246 825 2331 mandibula
850 2245 996 2361 plana,
1023 2243 1214 2361 operculi
1242 2242 1373 2327 instar
1402 2241 1662 2328 verticaliter
1691 2272 1739 2328 os
1765 2246 1990 2332 claudente
2016 2268 2109 2335 ter·

415 2393 635 2479 minatum.
694 2399 875 2481 Maxilla
901 2403 1084 2511 superior
1110 2393 1336 2492 fornicata,
1375 2392 1610 2510 reposailis,
1639 2424 1836 2511 processu
1853 2395 1976 2483 inter
2004 2428 2112 2489 ocu·

415 2548 480 2633 los
507 2546 675 2649 inserta,
705 2576 789 2661 quo
816 2546 1015 2661 propulso
1043 2544 1127 2631 oris
1156 2545 1285 2632 rictus
1310 2567 1545 2630 extrorsum
1572 2574 1671 2629 cum
1696 2544 1873 2633 maxilla
1895 2544 2109 2641 inferiore

415 2694 683 2811 protenditur
725 2700 845 2809 (Εἰς.
886 2700 984 2810 Α).
1066 2699 1276 2810 Morgines
1325 2695 1594 2781 maxillarum
1634 2695 2112 2811 denticulato-acab1i3

416 2850 612 2933 deurimd
635 2864 851 2962 praeterea
876 2846 924 2931 in
963 2841 1104 2931 antica
1145 2875 1240 2933 area
1280 2846 1413 2965 palati
1448 2869 1495 2931 et
1519 2846 1723 2935 faucibus.
1788 2852 1953 2965 Burgum
1977 2856 2111 2947 basin

413 2997 503 3083 oria
527 2998 726 3113 opplent,
752 2994 996 3101 rotundatu,
1025 2998 1143 3100 alba,
1170 2996 1545 3113 subcurtilaginea,
1572 3005 1739 3087 adnata.
1794 3002 2110 3125 Omdisupen',

414 3146 481 3233 ori
505 3170 554 3234 et
579 3148 692 3235 iuter
717 3174 763 3234 se
789 3150 1095 3266 approximati,
1123 3150 1346 3264 interjecta
1373 3151 1483 3233 fossa
1507 3153 1732 3265 quadrata,
1758 3150 1806 3239 in
1832 3184 1962 3271 quam
1986 3188 2111 3251 raca·

414 3298 482 3385 dit
511 3322 726 3417 procoeton
752 3294 953 3389 maxillae
980 3301 1218 3418 superioris.
1261 3306 1399 3420 Caprae
1425 3323 1564 3389 toturn
1591 3302 1821 3390 tuberculis
1846 3308 2109 3429 prmctiaqna

412 3449 666 3567 prominulis
691 3450 914 3567 inaequale
942 3476 989 3537 et
1012 3451 1224 3559 hiulcum,
1251 3480 1430 3569 quorum
1460 3455 1545 3540 duo
1571 3476 1825 3559 transversa,
1861 3457 2024 3547 detrita
2052 3466 2108 3555 ad

415 3598 601 3685 nucham
627 3603 843 3702 eminent3
899 3628 1054 3720 puncta
1081 3604 1330 3720 praesertim
1355 3602 1404 3688 iu
1430 3601 1640 3719 upretculis
1663 3605 1866 3693 radiatim
1892 3607 2108 3727 diapoaim

420 3752 626 3865 Operculn
651 3752 948 3840 branchiarum
975 3755 1106 3869 magis
1136 3753 1365 3868 laevigata,
1421 3753 1555 3841 limbo
1594 3754 1693 3839 laxo
1732 3753 1929 3845 coriaceo
1955 3766 2108 3857 nonni.

414 3903 580 4008 vantia,
637 3904 761 3989 lineis
803 3905 1078 3994 tuberculosis
1119 3905 1357 3992 subradiata
1397 3935 1597 3992 mucrone
1638 3904 1790 3996 conico
1820 3909 2024 4031 utrinque
2052 3922 2107 4009 ad

416 4056 615 4168 angulum
641 4054 909 4171 superiorem.
950 4060 1124 4144 Membr.
1153 4060 1404 4145 branchidis
1430 4059 1644 4144 radiorum
1671 4070 1709 4143 6.
1735 4081 1826 4147 tota
1851 4092 1951 4151 cum
1978 4098 2107 4187 oper.

414 4205 524 4291 culis
551 4207 707 4312 soluta,
748 4232 795 4293 ut
821 4208 962 4293 hiatus
988 4208 1286 4295 branchiarum
1316 4208 1519 4296 latissime
1546 4230 1710 4327 pateat,
1749 4210 1973 4303 (ἓοῐῐσωω
2000 4220 2108 4309 reli·

415 4386 591 4469 quorum
621 4390 749 4445 more.
818 4364 947 4475 Spina
976 4390 1143 4476 magna,
1185 4384 1346 4465 erecta,
1395 4390 1509 4477 pone
1537 4383 1777 4477 aperturam
1799 4364 2107 4463 branchiarum

416 4534 541 4623 aupra
580 4510 730 4626 pinnas
767 4514 1015 4629 pectorales.
1100 4518 1259 4630 Corpus
1299 4511 1602 4618 ventricosum,
1657 4517 1802 4601 subtus
1843 4546 2110 4635 convexum,

411 4659 603 4747 massula
630 4662 802 4779 capitis,
845 4668 968 4750 dorso
994 4666 1323 4781 planiusculum,
1364 4665 1508 4751 molle.
1564 4668 1715 4753 tineae
1739 4672 1935 4757 laterales
1962 4676 2109 4783 (utin

418 4812 741 4929 congeneribus)
781 4842 943 4930 grossae
949 4878 965 4919 ,
1020 4816 1283 4918 articrdatne,
1337 4848 1361 4900 a
1400 4814 1541 4903 nucha
1577 4848 1655 4935 per
1691 4820 1864 4905 dorsum
1890 4848 2111 4933 arcuatae,
