<?xml version="1.0" encoding="UTF-8"?>
<!DOCTYPE html PUBLIC "-//W3C//DTD XHTML 1.0 Transitional//EN"
    "http://www.w3.org/TR/xhtml1/DTD/xhtml1-transitional.dtd">
<html xmlns="http://www.w3.org/1999/xhtml" xml:lang="en" lang="en">
 <head>
  <title>
</title>
<meta http-equiv="Content-Type" content="text/html;charset=utf-8" />
  <meta name='ocr-system' content='tesseract 3.04.00' />
  <meta name='ocr-capabilities' content='ocr_page ocr_carea ocr_par ocr_line ocrx_word'/>
</head>
<body>
  <div class='ocr_page' id='page_1' title='image "./zoographiarosso00pallgoog_0226.png"; bbox 0 0 4404 5902; ppageno 0'>
   <div class='ocr_carea' id='block_1_1' title="bbox 349 425 1276 518">
    <p class='ocr_par' dir='ltr' id='par_1_1' title="bbox 349 425 1276 518">
     <span class='ocr_line' id='line_1_1' title="bbox 349 425 1276 518; baseline -0.002 -29"><span class='ocrx_word' id='word_1_1' title='bbox 349 425 443 518; x_wconf 79' lang='lat' dir='ltr'><strong>aro</strong></span> <span class='ocrx_word' id='word_1_2' title='bbox 1131 434 1276 487; x_wconf 55' lang='grc' dir='ltr'><em>ω</em></span> 
     </span>
    </p>
   </div>
   <div class='ocr_carea' id='block_1_2' title="bbox 348 624 2118 4869">
    <p class='ocr_par' dir='ltr' id='par_1_2' title="bbox 348 624 2061 2265">
     <span class='ocr_line' id='line_1_2' title="bbox 348 624 2047 746; baseline -0.001 -32"><span class='ocrx_word' id='word_1_3' title='bbox 348 627 431 715; x_wconf 86' lang='lat' dir='ltr'><strong>sibi</strong></span> <span class='ocrx_word' id='word_1_4' title='bbox 459 630 664 746; x_wconf 80' lang='lat' dir='ltr'><strong>profunda</strong></span> <span class='ocrx_word' id='word_1_5' title='bbox 692 633 880 718; x_wconf 89' lang='lat' dir='ltr'><strong>redeunt.</strong></span> <span class='ocrx_word' id='word_1_6' title='bbox 939 627 1254 720; x_wconf 85' lang='lat' dir='ltr'><strong>Camtsclradali</strong></span> <span class='ocrx_word' id='word_1_7' title='bbox 1282 624 1406 741; x_wconf 89' lang='lat' dir='ltr'><strong>hujus</strong></span> <span class='ocrx_word' id='word_1_8' title='bbox 1448 624 1626 728; x_wconf 87' lang='lat' dir='ltr'><strong>conscii,</strong></span> <span class='ocrx_word' id='word_1_9' title='bbox 1672 652 1823 738; x_wconf 86' lang='lat' dir='ltr'><strong>magno</strong></span> <span class='ocrx_word' id='word_1_10' title='bbox 1850 656 2047 725; x_wconf 86' lang='lat' dir='ltr'><strong>numero,</strong></span> 
     </span>
     <span class='ocr_line' id='line_1_3' title="bbox 349 780 2050 894; baseline 0.001 -27"><span class='ocrx_word' id='word_1_11' title='bbox 349 810 445 867; x_wconf 89' lang='lat' dir='ltr'><strong>curn</strong></span> <span class='ocrx_word' id='word_1_12' title='bbox 472 783 672 868; x_wconf 87' lang='lat' dir='ltr'>uxoribus</span> <span class='ocrx_word' id='word_1_13' title='bbox 701 785 799 883; x_wconf 88' lang='lat' dir='ltr'><strong>suis,</strong></span> <span class='ocrx_word' id='word_1_14' title='bbox 824 806 980 869; x_wconf 91' lang='lat' dir='ltr'><strong>tractus</strong></span> <span class='ocrx_word' id='word_1_15' title='bbox 1010 806 1053 866; x_wconf 90' lang='lat' dir='ltr'><strong>et</strong></span> <span class='ocrx_word' id='word_1_16' title='bbox 1080 781 1253 866; x_wconf 88' lang='lat' dir='ltr'><strong>canibus</strong></span> <span class='ocrx_word' id='word_1_17' title='bbox 1282 780 1552 881; x_wconf 84' lang='lat' dir='ltr'><strong>conveniunt,</strong></span> <span class='ocrx_word' id='word_1_18' title='bbox 1582 807 1658 894; x_wconf 90' lang='lat' dir='ltr'><strong>per</strong></span> <span class='ocrx_word' id='word_1_19' title='bbox 1677 781 1866 863; x_wconf 87' lang='lat' dir='ltr'><strong>medium</strong></span> <span class='ocrx_word' id='word_1_20' title='bbox 1885 782 2050 868; x_wconf 87' lang='lat' dir='ltr'><strong>ostium</strong></span> 
     </span>
     <span class='ocr_line' id='line_1_4' title="bbox 348 930 2051 1052; baseline 0.001 -35"><span class='ocrx_word' id='word_1_21' title='bbox 348 939 553 1047; x_wconf 89' lang='lat' dir='ltr'><strong>quadrato</strong></span> <span class='ocrx_word' id='word_1_22' title='bbox 579 934 691 1020; x_wconf 90' lang='lat' dir='ltr'><strong>ostio</strong></span> <span class='ocrx_word' id='word_1_23' title='bbox 717 936 898 1050; x_wconf 81' lang='lat' dir='ltr'><strong>glaciem</strong></span> <span class='ocrx_word' id='word_1_24' title='bbox 925 955 1220 1052; x_wconf 87' lang='lat' dir='ltr'><strong>perrumpunt,</strong></span> <span class='ocrx_word' id='word_1_25' title='bbox 1271 931 1419 1047; x_wconf 88' lang='lat' dir='ltr'>ibique</span> <span class='ocrx_word' id='word_1_26' title='bbox 1456 930 1621 1016; x_wconf 88' lang='lat' dir='ltr'><strong>statutis</strong></span> <span class='ocrx_word' id='word_1_27' title='bbox 1657 931 1814 1015; x_wconf 91' lang='lat' dir='ltr'><strong>retibus</strong></span> <span class='ocrx_word' id='word_1_28' title='bbox 1848 934 2051 1022; x_wconf 87' lang='lat' dir='ltr'><strong>saccifor·</strong></span> 
     </span>
     <span class='ocr_line' id='line_1_5' title="bbox 351 1080 2051 1203; baseline 0 -32"><span class='ocrx_word' id='word_1_29' title='bbox 351 1084 564 1199; x_wconf 78' lang='lat' dir='ltr'><strong>nribusin</strong></span> <span class='ocrx_word' id='word_1_30' title='bbox 589 1118 767 1203; x_wconf 89' lang='lat' dir='ltr'><strong>quorum</strong></span> <span class='ocrx_word' id='word_1_31' title='bbox 794 1111 929 1172; x_wconf 89' lang='lat' dir='ltr'><strong>tractu</strong></span> <span class='ocrx_word' id='word_1_32' title='bbox 958 1102 1007 1172; x_wconf 83' lang='lat'><strong>30</strong></span> <span class='ocrx_word' id='word_1_33' title='bbox 1042 1086 1110 1169; x_wconf 89' lang='lat' dir='ltr'><strong>vel</strong></span> <span class='ocrx_word' id='word_1_34' title='bbox 1147 1086 1288 1200; x_wconf 90' lang='lat' dir='ltr'><strong>plures</strong></span> <span class='ocrx_word' id='word_1_35' title='bbox 1330 1083 1556 1199; x_wconf 84' lang='lat' dir='ltr'>pisciculos</span> <span class='ocrx_word' id='word_1_36' title='bbox 1590 1080 1811 1195; x_wconf 88' lang='lat' dir='ltr'><strong>colligatos</strong></span> <span class='ocrx_word' id='word_1_37' title='bbox 1838 1115 1919 1197; x_wconf 90' lang='lat' dir='ltr'><strong>pro</strong></span> <span class='ocrx_word' id='word_1_38' title='bbox 1947 1086 2051 1173; x_wconf 88' lang='lat' dir='ltr'><strong>iIle·</strong></span> 
     </span>
     <span class='ocr_line' id='line_1_6' title="bbox 352 1232 2053 1357; baseline 0.001 -33"><span class='ocrx_word' id='word_1_39' title='bbox 352 1239 489 1324; x_wconf 86' lang='lat' dir='ltr'><strong>cebris</strong></span> <span class='ocrx_word' id='word_1_40' title='bbox 517 1242 774 1354; x_wconf 89' lang='lat' dir='ltr'><strong>appendunt,</strong></span> <span class='ocrx_word' id='word_1_41' title='bbox 803 1239 1050 1323; x_wconf 85' lang='lat' dir='ltr'><strong>immensam</strong></span> <span class='ocrx_word' id='word_1_42' title='bbox 1084 1238 1265 1355; x_wconf 82' lang='lat' dir='ltr'><strong>piscium</strong></span> <span class='ocrx_word' id='word_1_43' title='bbox 1297 1235 1463 1354; x_wconf 88' lang='lat' dir='ltr'><strong>copiam</strong></span> <span class='ocrx_word' id='word_1_44' title='bbox 1492 1236 1644 1321; x_wconf 88' lang='lat' dir='ltr'><strong>iterato</strong></span> <span class='ocrx_word' id='word_1_45' title='bbox 1664 1232 1907 1341; x_wconf 81' lang='lat' dir='ltr'><strong>extrahunt,</strong></span> <span class='ocrx_word' id='word_1_46' title='bbox 1941 1270 2053 1357; x_wconf 85' lang='lat' dir='ltr'><strong>quae</strong></span> 
     </span>
     <span class='ocr_line' id='line_1_7' title="bbox 352 1387 2061 1509; baseline 0.001 -34"><span class='ocrx_word' id='word_1_47' title='bbox 352 1390 549 1480; x_wconf 79' lang='lat' dir='ltr'><strong>foeminis</strong></span> <span class='ocrx_word' id='word_1_48' title='bbox 577 1393 860 1509; x_wconf 86' lang='lat' dir='ltr'><strong>praeparanda</strong></span> <span class='ocrx_word' id='word_1_49' title='bbox 888 1392 1080 1476; x_wconf 86' lang='lat' dir='ltr'><strong>redditur</strong></span> <span class='ocrx_word' id='word_1_50' title='bbox 1116 1414 1159 1476; x_wconf 91' lang='lat' dir='ltr'><strong>et</strong></span> <span class='ocrx_word' id='word_1_51' title='bbox 1189 1389 1328 1475; x_wconf 82' lang='lat' dir='ltr'><strong>trahas</strong></span> <span class='ocrx_word' id='word_1_52' title='bbox 1345 1388 1521 1503; x_wconf 81' lang='lat' dir='ltr'><strong>¹implet.</strong></span> <span class='ocrx_word' id='word_1_53' title='bbox 1570 1387 1704 1503; x_wconf 83' lang='lat' dir='ltr'><strong>Saepe</strong></span> <span class='ocrx_word' id='word_1_54' title='bbox 1731 1418 1815 1473; x_wconf 86' lang='lat' dir='ltr'><strong>una</strong></span> <span class='ocrx_word' id='word_1_55' title='bbox 1843 1389 1942 1475; x_wconf 85' lang='lat' dir='ltr'><strong>vice</strong></span> <span class='ocrx_word' id='word_1_56' title='bbox 1972 1395 2061 1477; x_wconf 92' lang='lat' dir='ltr'><strong>duo</strong></span> 
     </span>
     <span class='ocr_line' id='line_1_8' title="bbox 354 1535 2056 1658; baseline 0.002 -31"><span class='ocrx_word' id='word_1_57' title='bbox 354 1547 407 1628; x_wconf 87' lang='lat' dir='ltr'><strong>ad</strong></span> <span class='ocrx_word' id='word_1_58' title='bbox 435 1545 514 1627; x_wconf 88' lang='lat' dir='ltr'><strong>tria</strong></span> <span class='ocrx_word' id='word_1_59' title='bbox 544 1544 680 1629; x_wconf 89' lang='lat' dir='ltr'><strong>millia</strong></span> <span class='ocrx_word' id='word_1_60' title='bbox 707 1543 769 1629; x_wconf 87' lang='lat' dir='ltr'><strong>sic</strong></span> <span class='ocrx_word' id='word_1_61' title='bbox 799 1543 1034 1658; x_wconf 87' lang='lat' dir='ltr'><strong>capiuntur.</strong></span> <span class='ocrx_word' id='word_1_62' title='bbox 1067 1598 1120 1609; x_wconf 93' lang='lat'>—</span> <span class='ocrx_word' id='word_1_63' title='bbox 1162 1551 1211 1628; x_wconf 90' lang='lat' dir='ltr'><strong>In</strong></span> <span class='ocrx_word' id='word_1_64' title='bbox 1242 1547 1338 1627; x_wconf 84' lang='lat' dir='ltr'><strong>fluv.</strong></span> <span class='ocrx_word' id='word_1_65' title='bbox 1369 1535 1687 1641; x_wconf 86' lang='lat' dir='ltr'><strong>Camtschatca,</strong></span> <span class='ocrx_word' id='word_1_66' title='bbox 1727 1538 1801 1625; x_wconf 91' lang='lat' dir='ltr'><strong>ubi</strong></span> <span class='ocrx_word' id='word_1_67' title='bbox 1831 1547 2056 1658; x_wconf 86' lang='lat' dir='ltr'><strong>quondam</strong></span> 
     </span>
     <span class='ocr_line' id='line_1_9' title="bbox 353 1689 2059 1813; baseline 0.002 -33"><span class='ocrx_word' id='word_1_68' title='bbox 353 1694 525 1812; x_wconf 83' lang='lat' dir='ltr'><strong>copiose</strong></span> <span class='ocrx_word' id='word_1_69' title='bbox 552 1697 847 1811; x_wconf 84' lang='lat' dir='ltr'><strong>capiebantur,</strong></span> <span class='ocrx_word' id='word_1_70' title='bbox 887 1719 982 1813; x_wconf 91' lang='lat' dir='ltr'><strong>post</strong></span> <span class='ocrx_word' id='word_1_71' title='bbox 1012 1697 1180 1781; x_wconf 89' lang='lat' dir='ltr'><strong>ultimas</strong></span> <span class='ocrx_word' id='word_1_72' title='bbox 1194 1698 1479 1779; x_wconf 87' lang='lat' dir='ltr'><strong>Vulcanorum</strong></span> <span class='ocrx_word' id='word_1_73' title='bbox 1508 1689 1635 1776; x_wconf 81' lang='lat' dir='ltr'><strong>furias</strong></span> <span class='ocrx_word' id='word_1_74' title='bbox 1661 1714 1708 1777; x_wconf 92' lang='lat' dir='ltr'><strong>et</strong></span> <span class='ocrx_word' id='word_1_75' title='bbox 1732 1716 1868 1780; x_wconf 88' lang='lat' dir='ltr'><strong>terrae</strong></span> <span class='ocrx_word' id='word_1_76' title='bbox 1901 1720 2059 1803; x_wconf 85' lang='lat' dir='ltr'><strong>motus,</strong></span> 
     </span>
     <span class='ocr_line' id='line_1_10' title="bbox 354 1843 2057 1964; baseline 0.004 -33"><span class='ocrx_word' id='word_1_77' title='bbox 354 1847 480 1963; x_wconf 89' lang='lat' dir='ltr'><strong>plane</strong></span> <span class='ocrx_word' id='word_1_78' title='bbox 520 1847 827 1964; x_wconf 82' lang='lat' dir='ltr'><strong>disparuerunt.</strong></span> <span class='ocrx_word' id='word_1_79' title='bbox 905 1849 1247 1962; x_wconf 89' lang='lat' dir='ltr'><strong>Descriptionem</strong></span> <span class='ocrx_word' id='word_1_80' title='bbox 1288 1843 1492 1959; x_wconf 85' lang='lat' dir='ltr'><strong>Hareugi,</strong></span> <span class='ocrx_word' id='word_1_81' title='bbox 1550 1845 1658 1928; x_wconf 85' lang='lat' dir='ltr'><strong>forte</strong></span> <span class='ocrx_word' id='word_1_82' title='bbox 1699 1849 1979 1961; x_wconf 85' lang='lat' dir='ltr'><strong>superfluam,</strong></span> <span class='ocrx_word' id='word_1_83' title='bbox 2031 1882 2057 1937; x_wconf 88' lang='lat' dir='ltr'><strong>e</strong></span> 
     </span>
     <span class='ocr_line' id='line_1_11' title="bbox 356 1994 2061 2116; baseline 0.003 -31"><span class='ocrx_word' id='word_1_84' title='bbox 356 2000 670 2115; x_wconf 87' lang='lat' dir='ltr'><strong>comparatione</strong></span> <span class='ocrx_word' id='word_1_85' title='bbox 707 2001 1269 2116; x_wconf 87' lang='lat' dir='ltr'><strong>Archangelopolitanorum</strong></span> <span class='ocrx_word' id='word_1_86' title='bbox 1309 2029 1407 2083; x_wconf 90' lang='lat' dir='ltr'><strong>cum</strong></span> <span class='ocrx_word' id='word_1_87' title='bbox 1447 1994 1679 2113; x_wconf 85' lang='lat' dir='ltr'><strong>specimine</strong></span> <span class='ocrx_word' id='word_1_88' title='bbox 1715 1997 2061 2111; x_wconf 84' lang='lat' dir='ltr'><strong>Camtscbatico,</strong></span> 
     </span>
     <span class='ocr_line' id='line_1_12' title="bbox 356 2148 901 2265; baseline 0 -27"><span class='ocrx_word' id='word_1_89' title='bbox 356 2173 401 2239; x_wconf 83' lang='lat' dir='ltr'><strong>et</strong></span> <span class='ocrx_word' id='word_1_90' title='bbox 428 2148 553 2265; x_wconf 90' lang='lat' dir='ltr'><strong>hujus</strong></span> <span class='ocrx_word' id='word_1_91' title='bbox 579 2151 747 2239; x_wconf 89' lang='lat' dir='ltr'><strong>iconem</strong></span> <span class='ocrx_word' id='word_1_92' title='bbox 777 2156 901 2238; x_wconf 81' lang='lat' dir='ltr'><strong>edlu.</strong></span> 
     </span>
    </p>

    <p class='ocr_par' dir='ltr' id='par_1_3' title="bbox 358 2303 2118 4869">
     <span class='ocr_line' id='line_1_13' title="bbox 495 2303 2063 2425; baseline 0.01 -37"><span class='ocrx_word' id='word_1_93' title='bbox 495 2308 667 2391; x_wconf 84' lang='lat' dir='ltr'><strong>Descr.</strong></span> <span class='ocrx_word' id='word_1_94' title='bbox 722 2307 971 2416; x_wconf 77' lang='lat' dir='ltr'><strong>Magnitudo</strong></span> <span class='ocrx_word' id='word_1_95' title='bbox 1000 2303 1346 2421; x_wconf 87' lang='lat' dir='ltr'><strong>decempollicari</strong></span> <span class='ocrx_word' id='word_1_96' title='bbox 1374 2311 1518 2416; x_wconf 83' lang='lat' dir='ltr'><strong>major.</strong></span> <span class='ocrx_word' id='word_1_97' title='bbox 1582 2304 1720 2416; x_wconf 80' lang='lat' dir='ltr'><strong>Caput</strong></span> <span class='ocrx_word' id='word_1_98' title='bbox 1746 2335 2063 2425; x_wconf 85' lang='lat' dir='ltr'><strong>compressum,</strong></span> 
     </span>
     <span class='ocr_line' id='line_1_14' title="bbox 359 2424 2118 2573; baseline 0.008 -30"><span class='ocrx_word' id='word_1_99' title='bbox 359 2424 634 2569; x_wconf 82' lang='lat' dir='ltr'><strong>laevigatam,</strong></span> <span class='ocrx_word' id='word_1_100' title='bbox 663 2477 804 2541; x_wconf 76' lang='lat' dir='ltr'><strong>uertex</strong></span> <span class='ocrx_word' id='word_1_101' title='bbox 830 2456 943 2541; x_wconf 86' lang='lat' dir='ltr'><strong>inter</strong></span> <span class='ocrx_word' id='word_1_102' title='bbox 970 2460 1114 2543; x_wconf 90' lang='lat' dir='ltr'><strong>oeulos</strong></span> <span class='ocrx_word' id='word_1_103' title='bbox 1142 2457 1508 2572; x_wconf 90' lang='lat' dir='ltr'><strong>longitudinaliter</strong></span> <span class='ocrx_word' id='word_1_104' title='bbox 1533 2458 1702 2573; x_wconf 83' lang='lat' dir='ltr'><strong>planus,</strong></span> <span class='ocrx_word' id='word_1_105' title='bbox 1736 2480 1864 2544; x_wconf 80' lang='lat' dir='ltr'><strong>scuto·</strong></span> <span class='ocrx_word' id='word_1_106' title='bbox 1884 2464 2064 2557; x_wconf 88' lang='lat' dir='ltr'><strong>lanceo-</strong></span> <span class='ocrx_word' id='word_1_107' title='bbox 2099 2452 2118 2473; x_wconf 42' lang='lat'>⁸</span> 
     </span>
     <span class='ocr_line' id='line_1_15' title="bbox 358 2607 2062 2726; baseline 0.008 -31"><span class='ocrx_word' id='word_1_108' title='bbox 358 2607 466 2711; x_wconf 79' lang='lat' dir='ltr'><strong>lato,</strong></span> <span class='ocrx_word' id='word_1_109' title='bbox 524 2608 825 2713; x_wconf 88' lang='lat' dir='ltr'><strong>scrobiculato,</strong></span> <span class='ocrx_word' id='word_1_110' title='bbox 884 2611 1078 2726; x_wconf 84' lang='lat' dir='ltr'><strong>utrinque</strong></span> <span class='ocrx_word' id='word_1_111' title='bbox 1114 2612 1215 2697; x_wconf 87' lang='lat' dir='ltr'><strong>stria</strong></span> <span class='ocrx_word' id='word_1_112' title='bbox 1256 2610 1443 2725; x_wconf 80' lang='lat' dir='ltr'><strong>gemina,</strong></span> <span class='ocrx_word' id='word_1_113' title='bbox 1504 2609 1788 2725; x_wconf 87' lang='lat' dir='ltr'><strong>supraoculari</strong></span> <span class='ocrx_word' id='word_1_114' title='bbox 1824 2617 2062 2711; x_wconf 82' lang='lat' dir='ltr'><strong>carinatus.</strong></span> 
     </span>
     <span class='ocr_line' id='line_1_16' title="bbox 358 2720 2065 2876; baseline 0.006 -31"><span class='ocrx_word' id='word_1_115' title='bbox 358 2762 544 2845; x_wconf 79' lang='lat' dir='ltr'><strong>Maxilla</strong></span> <span class='ocrx_word' id='word_1_116' title='bbox 571 2769 753 2875; x_wconf 79' lang='lat' dir='ltr'><strong>superior</strong></span> <span class='ocrx_word' id='word_1_117' title='bbox 780 2720 1242 2867; x_wconf 66' lang='lat' dir='ltr'><strong>fornicato-truncata,</strong></span> <span class='ocrx_word' id='word_1_118' title='bbox 1284 2771 1454 2848; x_wconf 84' lang='lat' dir='ltr'><strong>laminis</strong></span> <span class='ocrx_word' id='word_1_119' title='bbox 1475 2762 1697 2876; x_wconf 86' lang='lat' dir='ltr'><strong>mystaceis</strong></span> <span class='ocrx_word' id='word_1_120' title='bbox 1726 2764 1960 2875; x_wconf 84' lang='lat' dir='ltr'><strong>maximis,</strong></span> <span class='ocrx_word' id='word_1_121' title='bbox 1990 2778 2065 2863; x_wconf 82' lang='lat' dir='ltr'><strong>ob·</strong></span> 
     </span>
     <span class='ocr_line' id='line_1_17' title="bbox 361 2909 2065 3037; baseline 0.011 -40"><span class='ocrx_word' id='word_1_122' title='bbox 361 2909 528 3023; x_wconf 77' lang='lat' dir='ltr'><strong>longis,</strong></span> <span class='ocrx_word' id='word_1_123' title='bbox 563 2912 706 2997; x_wconf 86' lang='lat' dir='ltr'><strong>fraeno</strong></span> <span class='ocrx_word' id='word_1_124' title='bbox 734 2918 916 3000; x_wconf 92' lang='lat' dir='ltr'><strong>succubo</strong></span> <span class='ocrx_word' id='word_1_125' title='bbox 944 2915 1065 2999; x_wconf 90' lang='lat' dir='ltr'><strong>molli</strong></span> <span class='ocrx_word' id='word_1_126' title='bbox 1097 2913 1343 3031; x_wconf 89' lang='lat' dir='ltr'><strong>duplicatis,</strong></span> <span class='ocrx_word' id='word_1_127' title='bbox 1386 2915 1498 2997; x_wconf 86' lang='lat' dir='ltr'><strong>unde</strong></span> <span class='ocrx_word' id='word_1_128' title='bbox 1526 2944 1574 2998; x_wconf 83' lang='lat' dir='ltr'><strong>os</strong></span> <span class='ocrx_word' id='word_1_129' title='bbox 1599 2914 1684 2999; x_wconf 78' lang='lat' dir='ltr'><strong>la&#39;te</strong></span> <span class='ocrx_word' id='word_1_130' title='bbox 1712 2917 1864 3002; x_wconf 89' lang='lat' dir='ltr'><strong>diduci</strong></span> <span class='ocrx_word' id='word_1_131' title='bbox 1892 2949 2065 3037; x_wconf 72' lang='lat' dir='ltr'><strong>potest5</strong></span> 
     </span>
     <span class='ocr_line' id='line_1_18' title="bbox 359 3062 2067 3180; baseline 0.011 -37"><span class='ocrx_word' id='word_1_132' title='bbox 359 3062 482 3147; x_wconf 78' lang='lat' dir='ltr'><strong>Max.</strong></span> <span class='ocrx_word' id='word_1_133' title='bbox 524 3067 688 3171; x_wconf 80' lang='lat' dir='ltr'><strong>inferior</strong></span> <span class='ocrx_word' id='word_1_134' title='bbox 725 3067 860 3151; x_wconf 87' lang='lat' dir='ltr'><strong>multo</strong></span> <span class='ocrx_word' id='word_1_135' title='bbox 898 3066 1091 3180; x_wconf 81' lang='lat' dir='ltr'><strong>longior,</strong></span> <span class='ocrx_word' id='word_1_136' title='bbox 1132 3067 1258 3152; x_wconf 86' lang='lat' dir='ltr'><strong>ramis</strong></span> <span class='ocrx_word' id='word_1_137' title='bbox 1295 3098 1437 3151; x_wconf 86' lang='lat' dir='ltr'><strong>versus</strong></span> <span class='ocrx_word' id='word_1_138' title='bbox 1472 3064 1594 3151; x_wconf 84' lang='lat' dir='ltr'><strong>basin</strong></span> <span class='ocrx_word' id='word_1_139' title='bbox 1629 3065 1870 3169; x_wconf 75' lang='lat' dir='ltr'><strong>latissimis,</strong></span> <span class='ocrx_word' id='word_1_140' title='bbox 1917 3082 2067 3169; x_wconf 82' lang='lat' dir='ltr'><strong>subtus</strong></span> 
     </span>
     <span class='ocr_line' id='line_1_19' title="bbox 361 3212 2067 3333; baseline 0.005 -34"><span class='ocrx_word' id='word_1_141' title='bbox 361 3212 453 3300; x_wconf 74' lang='lat' dir='ltr'><strong>acie</strong></span> <span class='ocrx_word' id='word_1_142' title='bbox 473 3237 629 3329; x_wconf 85' lang='lat' dir='ltr'><strong>arguta,</strong></span> <span class='ocrx_word' id='word_1_143' title='bbox 652 3219 704 3302; x_wconf 90' lang='lat' dir='ltr'><strong>ab</strong></span> <span class='ocrx_word' id='word_1_144' title='bbox 718 3215 878 3303; x_wconf 88' lang='lat' dir='ltr'><strong>isthmo</strong></span> <span class='ocrx_word' id='word_1_145' title='bbox 891 3217 1003 3302; x_wconf 89' lang='lat' dir='ltr'><strong>inter</strong></span> <span class='ocrx_word' id='word_1_146' title='bbox 1018 3217 1156 3304; x_wconf 90' lang='lat' dir='ltr'><strong>hiatus</strong></span> <span class='ocrx_word' id='word_1_147' title='bbox 1173 3218 1438 3303; x_wconf 88' lang='lat' dir='ltr'><strong>branchiales</strong></span> <span class='ocrx_word' id='word_1_148' title='bbox 1453 3216 1672 3333; x_wconf 83' lang='lat' dir='ltr'><strong>profundis</strong></span> <span class='ocrx_word' id='word_1_149' title='bbox 1683 3219 1897 3308; x_wconf 79' lang='lat' dir='ltr'><strong>discretis.</strong></span> <span class='ocrx_word' id='word_1_150' title='bbox 1938 3232 2067 3321; x_wconf 57' lang='lat' dir='ltr'><strong>Oculi</strong></span> 
     </span>
     <span class='ocr_line' id='line_1_20' title="bbox 361 3368 2066 3484; baseline 0.01 -31"><span class='ocrx_word' id='word_1_151' title='bbox 361 3368 415 3453; x_wconf 81' lang='lat' dir='ltr'><strong>ad</strong></span> <span class='ocrx_word' id='word_1_152' title='bbox 444 3398 653 3453; x_wconf 88' lang='lat' dir='ltr'><strong>summum</strong></span> <span class='ocrx_word' id='word_1_153' title='bbox 682 3368 886 3453; x_wconf 89' lang='lat' dir='ltr'><strong>verticem</strong></span> <span class='ocrx_word' id='word_1_154' title='bbox 915 3369 1155 3478; x_wconf 84' lang='lat' dir='ltr'><strong>majusculi,</strong></span> <span class='ocrx_word' id='word_1_155' title='bbox 1197 3373 1299 3455; x_wconf 80' lang='lat' dir='ltr'><strong>iride</strong></span> <span class='ocrx_word' id='word_1_156' title='bbox 1329 3394 1537 3484; x_wconf 86' lang='lat' dir='ltr'><strong>argentea.</strong></span> <span class='ocrx_word' id='word_1_157' title='bbox 1602 3371 1809 3481; x_wconf 86' lang='lat' dir='ltr'><strong>Opercula</strong></span> <span class='ocrx_word' id='word_1_158' title='bbox 1841 3377 2066 3474; x_wconf 79' lang='lat' dir='ltr'><strong>branchia·</strong></span> 
     </span>
     <span class='ocr_line' id='line_1_21' title="bbox 360 3510 2065 3638; baseline 0.002 -31"><span class='ocrx_word' id='word_1_159' title='bbox 360 3554 452 3607; x_wconf 82' lang='lat' dir='ltr'><strong>rum</strong></span> <span class='ocrx_word' id='word_1_160' title='bbox 477 3522 900 3623; x_wconf 86' lang='lat' dir='ltr'><strong>rotundato-retusa,</strong></span> <span class='ocrx_word' id='word_1_161' title='bbox 947 3525 1035 3606; x_wconf 86' lang='lat' dir='ltr'><strong>fere</strong></span> <span class='ocrx_word' id='word_1_162' title='bbox 1071 3553 1202 3638; x_wconf 90' lang='lat' dir='ltr'><strong>usque</strong></span> <span class='ocrx_word' id='word_1_163' title='bbox 1238 3526 1290 3605; x_wconf 87' lang='lat' dir='ltr'><strong>ad</strong></span> <span class='ocrx_word' id='word_1_164' title='bbox 1319 3510 1632 3607; x_wconf 90' lang='lat' dir='ltr'><strong>commissuram</strong></span> <span class='ocrx_word' id='word_1_165' title='bbox 1660 3556 1873 3614; x_wconf 88' lang='lat' dir='ltr'><strong>ramorum</strong></span> <span class='ocrx_word' id='word_1_166' title='bbox 1905 3540 2065 3626; x_wconf 80' lang='lat' dir='ltr'><strong>maxil.</strong></span> 
     </span>
     <span class='ocr_line' id='line_1_22' title="bbox 360 3671 2064 3796; baseline 0.004 -37"><span class='ocrx_word' id='word_1_167' title='bbox 360 3675 429 3759; x_wconf 86' lang='lat' dir='ltr'><strong>lae</strong></span> <span class='ocrx_word' id='word_1_168' title='bbox 455 3671 639 3756; x_wconf 81' lang='lat' dir='ltr'><strong>rescissa.</strong></span> <span class='ocrx_word' id='word_1_169' title='bbox 699 3675 885 3758; x_wconf 74' lang='lat' dir='ltr'><strong>flabello</strong></span> <span class='ocrx_word' id='word_1_170' title='bbox 914 3676 1224 3786; x_wconf 77' lang='lat' dir='ltr'><strong>brancltiostega</strong></span> <span class='ocrx_word' id='word_1_171' title='bbox 1253 3675 1581 3761; x_wconf 84' lang='lat' dir='ltr'><strong>novemradiata.</strong></span> <span class='ocrx_word' id='word_1_172' title='bbox 1628 3682 1774 3790; x_wconf 84' lang='lat' dir='ltr'><strong>Margo</strong></span> <span class='ocrx_word' id='word_1_173' title='bbox 1803 3683 1949 3796; x_wconf 84' lang='lat' dir='ltr'><strong>apicis</strong></span> <span class='ocrx_word' id='word_1_174' title='bbox 1979 3724 2064 3777; x_wconf 70' lang='lat' dir='ltr'><strong>ma.</strong></span> 
     </span>
     <span class='ocr_line' id='line_1_23' title="bbox 361 3822 2066 3941; baseline 0.013 -31"><span class='ocrx_word' id='word_1_175' title='bbox 361 3825 494 3910; x_wconf 83' lang='lat' dir='ltr'><strong>xillae</strong></span> <span class='ocrx_word' id='word_1_176' title='bbox 522 3822 768 3940; x_wconf 84' lang='lat' dir='ltr'><strong>superioris,</strong></span> <span class='ocrx_word' id='word_1_177' title='bbox 797 3825 964 3923; x_wconf 90' lang='lat' dir='ltr'><strong>limbus,</strong></span> <span class='ocrx_word' id='word_1_178' title='bbox 993 3856 1219 3940; x_wconf 86' lang='lat' dir='ltr'><strong>margoque</strong></span> <span class='ocrx_word' id='word_1_179' title='bbox 1249 3827 1430 3912; x_wconf 87' lang='lat' dir='ltr'><strong>laminae</strong></span> <span class='ocrx_word' id='word_1_180' title='bbox 1460 3850 1696 3941; x_wconf 90' lang='lat' dir='ltr'><strong>mystaceae</strong></span> <span class='ocrx_word' id='word_1_181' title='bbox 1724 3827 1799 3914; x_wconf 83' lang='lat' dir='ltr'><strong>vix</strong></span> <span class='ocrx_word' id='word_1_182' title='bbox 1830 3838 2066 3931; x_wconf 80' lang='lat' dir='ltr'><strong>evidenter</strong></span> 
     </span>
     <span class='ocr_line' id='line_1_24' title="bbox 362 3979 2066 4094; baseline 0.013 -32"><span class='ocrx_word' id='word_1_183' title='bbox 362 3979 417 4062; x_wconf 82' lang='lat' dir='ltr'><strong>ad</strong></span> <span class='ocrx_word' id='word_1_184' title='bbox 436 3999 609 4061; x_wconf 83' lang='lat' dir='ltr'><strong>tactum</strong></span> <span class='ocrx_word' id='word_1_185' title='bbox 632 3999 845 4091; x_wconf 80' lang='lat' dir='ltr'><strong>asperata3</strong></span> <span class='ocrx_word' id='word_1_186' title='bbox 876 3981 1140 4064; x_wconf 90' lang='lat' dir='ltr'><strong>tuberculum</strong></span> <span class='ocrx_word' id='word_1_187' title='bbox 1168 3979 1214 4063; x_wconf 87' lang='lat' dir='ltr'><strong>in</strong></span> <span class='ocrx_word' id='word_1_188' title='bbox 1244 3982 1393 4064; x_wconf 89' lang='lat' dir='ltr'><strong>medio.</strong></span> <span class='ocrx_word' id='word_1_189' title='bbox 1414 3982 1564 4094; x_wconf 79' lang='lat' dir='ltr'><strong>palato·</strong></span> <span class='ocrx_word' id='word_1_190' title='bbox 1584 4010 1772 4087; x_wconf 89' lang='lat' dir='ltr'><strong>osseum,</strong></span> <span class='ocrx_word' id='word_1_191' title='bbox 1800 4008 1951 4078; x_wconf 88' lang='lat' dir='ltr'><strong>totum</strong></span> <span class='ocrx_word' id='word_1_192' title='bbox 1983 3998 2066 4083; x_wconf 83' lang='lat' dir='ltr'><strong>lae·</strong></span> 
     </span>
     <span class='ocr_line' id='line_1_25' title="bbox 362 4128 2067 4251; baseline 0.009 -38"><span class='ocrx_word' id='word_1_193' title='bbox 362 4158 430 4217; x_wconf 78' lang='lat' dir='ltr'><strong>re.</strong></span> <span class='ocrx_word' id='word_1_194' title='bbox 486 4133 650 4241; x_wconf 80' lang='lat' dir='ltr'><strong>Lingua</strong></span> <span class='ocrx_word' id='word_1_195' title='bbox 676 4158 816 4213; x_wconf 83' lang='lat' dir='ltr'><strong>versus</strong></span> <span class='ocrx_word' id='word_1_196' title='bbox 845 4128 1012 4243; x_wconf 90' lang='lat' dir='ltr'><strong>apicem</strong></span> <span class='ocrx_word' id='word_1_197' title='bbox 1042 4163 1162 4247; x_wconf 89' lang='lat' dir='ltr'><strong>supra</strong></span> <span class='ocrx_word' id='word_1_198' title='bbox 1192 4162 1333 4246; x_wconf 89' lang='lat' dir='ltr'><strong>porco,</strong></span> <span class='ocrx_word' id='word_1_199' title='bbox 1363 4134 1540 4247; x_wconf 85' lang='lat' dir='ltr'><strong>duplici,</strong></span> <span class='ocrx_word' id='word_1_200' title='bbox 1570 4165 1728 4251; x_wconf 87' lang='lat' dir='ltr'><strong>aspero,</strong></span> <span class='ocrx_word' id='word_1_201' title='bbox 1758 4167 1909 4228; x_wconf 86' lang='lat' dir='ltr'><strong>versus</strong></span> <span class='ocrx_word' id='word_1_202' title='bbox 1943 4150 2067 4237; x_wconf 77' lang='lat' dir='ltr'><strong>basin</strong></span> 
     </span>
     <span class='ocr_line' id='line_1_26' title="bbox 362 4277 2065 4407; baseline 0.016 -44"><span class='ocrx_word' id='word_1_203' title='bbox 362 4277 563 4394; x_wconf 88' lang='lat' dir='ltr'><strong>utrinque</strong></span> <span class='ocrx_word' id='word_1_204' title='bbox 588 4279 687 4363; x_wconf 90' lang='lat' dir='ltr'><strong>setis</strong></span> <span class='ocrx_word' id='word_1_205' title='bbox 716 4279 855 4392; x_wconf 91' lang='lat' dir='ltr'><strong>longis</strong></span> <span class='ocrx_word' id='word_1_206' title='bbox 896 4280 988 4389; x_wconf 92' lang='lat' dir='ltr'><strong>(uti</strong></span> <span class='ocrx_word' id='word_1_207' title='bbox 1016 4281 1187 4369; x_wconf 88' lang='lat' dir='ltr'><strong>rhachis</strong></span> <span class='ocrx_word' id='word_1_208' title='bbox 1217 4283 1453 4370; x_wconf 87' lang='lat' dir='ltr'><strong>branchiae·</strong></span> <span class='ocrx_word' id='word_1_209' title='bbox 1471 4285 1632 4402; x_wconf 87' lang='lat' dir='ltr'><strong>primae</strong></span> <span class='ocrx_word' id='word_1_210' title='bbox 1659 4300 1778 4403; x_wconf 85' lang='lat' dir='ltr'><strong>tota)</strong></span> <span class='ocrx_word' id='word_1_211' title='bbox 1824 4297 2065 4407; x_wconf 73' lang='lat' dir='ltr'><strong>pectinata.</strong></span> 
     </span>
     <span class='ocr_line' id='line_1_27' title="bbox 361 4430 2069 4560; baseline 0.01 -45"><span class='ocrx_word' id='word_1_212' title='bbox 361 4436 412 4516; x_wconf 86' lang='lat' dir='ltr'><strong>ln</strong></span> <span class='ocrx_word' id='word_1_213' title='bbox 441 4431 585 4517; x_wconf 88' lang='lat' dir='ltr'><strong>medio</strong></span> <span class='ocrx_word' id='word_1_214' title='bbox 612 4431 746 4546; x_wconf 83' lang='lat' dir='ltr'><strong>palati</strong></span> <span class='ocrx_word' id='word_1_215' title='bbox 774 4430 888 4537; x_wconf 81' lang='lat' dir='ltr'><strong>linea</strong></span> <span class='ocrx_word' id='word_1_216' title='bbox 914 4434 1187 4521; x_wconf 88' lang='lat' dir='ltr'><strong>denticulata.</strong></span> <span class='ocrx_word' id='word_1_217' title='bbox 1263 4442 1378 4520; x_wconf 71' lang='lat' dir='ltr'><strong>Fama</strong></span> <span class='ocrx_word' id='word_1_218' title='bbox 1405 4437 1592 4523; x_wconf 88' lang='lat' dir='ltr'><strong>inermis.</strong></span> <span class='ocrx_word' id='word_1_219' title='bbox 1621 4490 1676 4504; x_wconf 91' lang='lat'><strong>·-</strong></span> <span class='ocrx_word' id='word_1_220' title='bbox 1705 4445 1874 4560; x_wconf 79' lang='lat' dir='ltr'><strong>Corpus</strong></span> <span class='ocrx_word' id='word_1_221' title='bbox 1903 4483 2069 4541; x_wconf 79' lang='lat' dir='ltr'><strong>macro·</strong></span> 
     </span>
     <span class='ocr_line' id='line_1_28' title="bbox 361 4583 2070 4703; baseline 0.011 -35"><span class='ocrx_word' id='word_1_222' title='bbox 361 4583 620 4699; x_wconf 85' lang='lat' dir='ltr'><strong>lepidotum,</strong></span> <span class='ocrx_word' id='word_1_223' title='bbox 659 4614 962 4698; x_wconf 89' lang='lat' dir='ltr'><strong>compressum,</strong></span> <span class='ocrx_word' id='word_1_224' title='bbox 1007 4586 1163 4702; x_wconf 90' lang='lat' dir='ltr'><strong>pingue</strong></span> <span class='ocrx_word' id='word_1_225' title='bbox 1178 4625 1194 4684; x_wconf 83' lang='lat'><strong>‚-</strong></span> <span class='ocrx_word' id='word_1_226' title='bbox 1250 4591 1375 4673; x_wconf 91' lang='lat' dir='ltr'><strong>dorso</strong></span> <span class='ocrx_word' id='word_1_227' title='bbox 1401 4589 1613 4695; x_wconf 89' lang='lat' dir='ltr'><strong>obesiore,</strong></span> <span class='ocrx_word' id='word_1_228' title='bbox 1655 4623 1881 4703; x_wconf 87' lang='lat' dir='ltr'><strong>convexo,</strong></span> <span class='ocrx_word' id='word_1_229' title='bbox 1924 4634 2070 4691; x_wconf 78' lang='lat' dir='ltr'><strong>versus</strong></span> 
     </span>
     <span class='ocr_line' id='line_1_29' title="bbox 363 4737 2071 4869; baseline 0.002 -48"><span class='ocrx_word' id='word_1_230' title='bbox 363 4745 550 4821; x_wconf 77' lang='lat' dir='ltr'><strong>carinam</strong></span> <span class='ocrx_word' id='word_1_231' title='bbox 574 4737 870 4850; x_wconf 90' lang='lat' dir='ltr'><strong>compressius,</strong></span> <span class='ocrx_word' id='word_1_232' title='bbox 915 4762 1058 4824; x_wconf 89' lang='lat' dir='ltr'><strong>tamen</strong></span> <span class='ocrx_word' id='word_1_233' title='bbox 1090 4737 1163 4824; x_wconf 81' lang='lat' dir='ltr'><strong>uix</strong></span> <span class='ocrx_word' id='word_1_234' title='bbox 1191 4741 1412 4826; x_wconf 80' lang='lat' dir='ltr'><strong>evidenter</strong></span> <span class='ocrx_word' id='word_1_235' title='bbox 1438 4745 1679 4857; x_wconf 84' lang='lat' dir='ltr'><strong>angulatum</strong></span> <span class='ocrx_word' id='word_1_236' title='bbox 1720 4749 1806 4851; x_wconf 87' lang='lat' dir='ltr'><strong>(ob</strong></span> <span class='ocrx_word' id='word_1_237' title='bbox 1838 4750 2071 4869; x_wconf 65' lang='lat' dir='ltr'><strong>pinguedi.</strong></span> 
     </span>
    </p>
   </div>
   <div class='ocr_carea' id='block_1_3' title="bbox 362 4889 2069 5027">
    <p class='ocr_par' dir='ltr' id='par_1_4' title="bbox 362 4889 2069 5027">
     <span class='ocr_line' id='line_1_30' title="bbox 362 4889 2069 5027; baseline 0.012 -50"><span class='ocrx_word' id='word_1_238' title='bbox 362 4894 513 5008; x_wconf 78' lang='lat' dir='ltr'><strong>nem),</strong></span> <span class='ocrx_word' id='word_1_239' title='bbox 546 4889 623 4977; x_wconf 79' lang='lat' dir='ltr'><strong>aed</strong></span> <span class='ocrx_word' id='word_1_240' title='bbox 648 4897 832 5009; x_wconf 75' lang='lat' dir='ltr'><strong>squamis</strong></span> <span class='ocrx_word' id='word_1_241' title='bbox 858 4890 1053 5008; x_wconf 86' lang='lat' dir='ltr'><strong>oblongis</strong></span> <span class='ocrx_word' id='word_1_242' title='bbox 1085 4894 1376 4982; x_wconf 86' lang='lat' dir='ltr'><strong>subserratum.</strong></span> <span class='ocrx_word' id='word_1_243' title='bbox 1440 4899 1591 4985; x_wconf 77' lang='lat' dir='ltr'><strong>Liueaa</strong></span> <span class='ocrx_word' id='word_1_244' title='bbox 1614 4903 1803 4990; x_wconf 71' lang='lat' dir='ltr'><strong>tauram</strong></span> <span class='ocrx_word' id='word_1_245' title='bbox 1831 4909 2069 5027; x_wconf 78' lang='lat' dir='ltr'><strong>vestigium</strong></span> 
     </span>
    </p>
   </div>
   <div class='ocr_carea' id='block_1_4' title="bbox 0 0 2218 5892">
    <p class='ocr_par' dir='ltr' id='par_1_5' title="bbox 0 0 2218 5892">
     <span class='ocr_line' id='line_1_31' title="bbox 0 0 2218 5892; baseline 0 0"><span class='ocrx_word' id='word_1_246' title='bbox 0 0 2218 5892; x_wconf 95' lang='lat' dir='ltr'><strong> </strong></span> 
     </span>
    </p>
   </div>
  </div>
 </body>
</html>
