4404 5902
255 347 349 437 208
1031 352 1177 410 ΕΞ

258 562 478 670 ‚,hiantes,
506 559 554 647 in
582 565 699 673 cujus
728 555 904 642 fundum
942 579 986 644 et
1014 557 1156 643 vesica
1185 549 1349 639 anemis
1377 547 1554 655 desinit3
1582 552 1854 638 uentriculum
1882 580 1972 637 sac·

262 739 458 823 „catum,
500 711 660 829 chymo
689 709 958 827 homogeneo
986 711 1161 827 plenum
1189 731 1235 793 et
1263 706 1513 822 appendices
1539 692 1750 822 pyloricas
1777 703 1972 817 gracilli-

261 899 379 976 „mas
416 882 476 954 16.
511 863 760 950 intestinum
787 894 889 949 vero
916 885 1033 948 recta
1064 867 1117 948 ad
1156 893 1282 947 anum
1317 886 1517 975 pergens,
1560 855 1858 972 cystidemque
1889 856 1973 940 sel·

263 1022 403 1127 „leam
432 1019 566 1104 bilem
594 1014 641 1101 in
671 1016 930 1130 appendices
960 1020 1238 1102 fundentem“
1267 1012 1380 1098 nihil
1409 1031 1558 1096 notatu
1583 1009 1705 1124 digni
1737 1009 1972 1094 Steliero

263 1174 560 1289 praebuerunt.
631 1171 798 1253 Pondus
827 1166 1150 1255 Canttschaticis
1179 1201 1202 1251 a
1231 1186 1257 1272 4
1285 1170 1339 1251 ad
1369 1181 1392 1254 5
1424 1162 1583 1249 uncias.
1650 1158 1892 1277 Capiuntur
1922 1160 1973 1246 tri

265 1324 403 1440 pisces
432 1324 654 1438 quotannis
681 1318 821 1434 primo
852 1351 950 1404 vere
978 1319 1185 1405 immensa
1213 1318 1337 1434 copia
1365 1317 1412 1402 in
1441 1316 1539 1402 sinu
1560 1313 1684 1401 maris
1700 1313 1970 1419 Olutorensi,

268 1478 342 1560 sed
372 1497 472 1559 tunc
501 1471 744 1566 macilenti,
774 1493 820 1556 et
847 1470 975 1557 initio
1002 1472 1117 1556 Junii
1148 1503 1171 1554 a
1200 1471 1396 1556 fluctibus
1424 1472 1574 1555 crebro
1600 1467 1647 1553 in
1677 1467 1798 1552 littus
1818 1466 1973 1553 Camt·

268 1626 504 1713 schaticum
533 1622 820 1708 eliminantur.
856 1623 1177 1710 Camtschatcae
1204 1621 1325 1709 fluvii
1352 1622 1506 1707 ostium
1536 1625 1588 1707 ab
1615 1620 1742 1707 initio
1772 1624 1971 1737 Septem·

267 1777 355 1864 bris
384 1780 437 1861 ad
466 1774 653 1861 medium
680 1773 770 1860 imo
806 1778 934 1860 finem
961 1776 1159 1862 Octobris
1194 1773 1439 1890 ingentibus
1476 1773 1670 1888 gregibus
1705 1773 1760 1859 ad
1800 1775 1971 1889 aliquot

269 1929 404 2014 stadia
438 1929 654 2012 intrabant
690 1926 821 2012 olima
850 1926 1045 2014 Cetaceis
1085 1927 1316 2015 minoribus
1351 1927 1566 2012 interdum
1600 1955 1731 2041 usque
1768 1924 1820 2011 in
1857 1927 1969 2015 ostis

269 2082 388 2168 fluvii
401 2080 703 2165 insectantibus
716 2080 940 2194 persecuti.
971 2079 1218 2165 Adveniunt
1231 2080 1478 2196 plerumque
1492 2109 1587 2164 cum
1602 2081 1745 2177 fluctu,
1759 2104 1971 2197 aestuque

269 2240 445 2322 redunte
474 2235 710 2317 recedunt·
761 2237 923 2316 Amant
950 2229 1216 2347 potissimum
1245 2233 1358 2318 sinus
1386 2232 1511 2319 maris
1539 2232 1715 2316 vadosos
1745 2256 1791 2318 et
1822 2268 1972 2327 areno-

271 2418 359 2492 sos,
389 2410 435 2470 et
460 2384 539 2469 illo
566 2406 759 2498 tempore
788 2386 894 2468 adeo
921 2385 1097 2500 pingues
1125 2407 1241 2488 sunt,
1271 2408 1318 2470 ut
1344 2382 1559 2501 pinguedo
1587 2386 1702 2487 alba,
1734 2391 1975 2479 consisten-

272 2540 354 2625 tiae
369 2540 456 2623 fere
476 2535 620 2651 butyri
646 2558 691 2621 et
719 2534 865 2651 sapida
893 2535 1024 2621 exiis
1053 2538 1236 2652 excoqui
1264 2540 1463 2653 potuerit.
1504 2546 1602 2624 Post
1627 2561 1765 2624 terrae
1796 2569 1969 2633 motum

274 2691 329 2776 ai.
365 2705 481 2800 ¹737·
524 2687 681 2773 ostium
719 2687 840 2774 fluvii
880 2688 1123 2803 parcissime
1163 2690 1319 2775 intrare
1361 2690 1574 2778 observati
1614 2713 1730 2795 sunt,
1777 2692 1895 2783 licet
1927 2697 1973 2787 iu

273 2840 380 2928 mari
408 2838 548 2926 adhuc
575 2839 639 2975 ibi
666 2834 903 2945 uersentur,
947 2842 1109 2927 aditum
1151 2843 1413 2959 impediente
1449 2864 1586 2930 tractu
1621 2873 1801 2932 arenoso
1840 2872 1973 2939 mans·

274 3023 394 3079 verso
422 2991 576 3079 ostium
603 2994 725 3080 fluvii
759 2991 891 3107 magis
933 2994 1148 3108 magisque
1189 2998 1431 3082 obstruente
1467 3019 1512 3082 et
1545 2999 1693 3084 fluctus
1730 3001 1974 3110 excitante,

271 3144 424 3261 quibus
450 3167 659 3231 terrentur
682 3146 833 3262 pisces.
891 3146 1125 3262 capiuntur
1153 3149 1280 3232 etiam
1310 3149 1481 3265 copiose
1510 3148 1559 3235 hi
1587 3150 1747 3266 pisces,
1788 3162 1975 3272 majores

271 3296 617 3403 Camtschaticis‚
661 3297 774 3385 circa
810 3297 990 3383 insulam
1019 3300 1178 3414 Caragir
1217 3322 1261 3385 et
1301 3300 1533 3388 incolarum
1568 3304 1830 3422 praecipuus
1876 3334 1971 3396 sunt

270 3481 349 3566 pro
376 3448 533 3566 hyeme
564 3474 836 3537 commeatus.
909 3456 1003 3535 Nec
1033 3452 1229 3536 videntur
1255 3457 1446 3540 diversae
1475 3486 1564 3541 esse
1595 3457 1814 3574 Clupeae,
1865 3493 1973 3580 quae

275 3602 424 3687 fluvios
449 3608 625 3733 dnadyr
650 3627 694 3688 et
720 3610 911 3716 Kovyma
942 3606 995 3687 ad
1024 3603 1185 3718 aliquot
1214 3631 1390 3690 centena
1417 3609 1551 3693 stadia
1579 3608 1720 3695 subire
1749 3614 1970 3721 dicuntur,

276 3775 320 3837 et
347 3782 373 3838 e
402 3760 594 3870 Kovyma
622 3757 758 3840 adlata
788 3755 1021 3868 specimina
1047 3787 1189 3842 coram
1217 3756 1372 3845 habeo·

410 3906 523 3991 Not.
556 3940 595 3992 a.
654 3914 733 3992 Per
761 3908 901 3991 alveus
931 3911 983 3992 ad
1013 3932 1193 4023 systema
1222 3916 1357 3995 Amur
1385 3917 1425 4000 fl.
1455 3916 1738 4031 pertinentes,
1776 3951 1972 4038 praeser-

272 4055 352 4140 tim
381 4055 600 4143 Schilkam
628 4080 673 4142 et
699 4062 940 4170 Argunum,
982 4063 1202 4147 adscendit
1229 4065 1416 4179 Clupeae
1451 4070 1637 4187 species,
1679 4075 1873 4163 Rossico
1900 4106 1972 4163 no·

272 4206 388 4291 mine
421 4208 813 4330 Wostrobrjnschka,
844 4245 867 4295 a
895 4238 1042 4298 ventre
1070 4214 1116 4299 in
1146 4216 1282 4301 aciem
1311 4247 1550 4333 compresso
1578 4224 1825 4340 appellata,
1867 4259 1973 4348 quaa

273 4357 383 4443 mihi
411 4363 585 4447 obscura
614 4361 777 4447 mansit.
837 4366 945 4451 Cum
973 4370 1232 4454 Piltschardo
1266 4401 1351 4455 non
1380 4372 1502 4458 unius
1531 4405 1621 4460 esse
1651 4377 1852 4492 speciei,
1881 4415 1973 4503 pro·

272 4513 391 4598 bavit
418 4512 528 4596 mihi
557 4524 681 4632 pinna
708 4527 778 4601 ani
807 4518 938 4631 magis
966 4542 1161 4621 extensa,
1204 4545 1249 4605 et
1286 4529 1396 4608 linea
1432 4533 1616 4616 intendis
1647 4531 1777 4621 valde
1808 4534 1974 4658 conspi-

269 4694 360 4750 cua.
416 4666 540 4753 Plura
566 4697 591 4754 e
620 4668 777 4758 siccato
805 4670 1036 4783 specimine
1067 4676 1220 4759 addere
1248 4706 1333 4760 non
1362 4685 1491 4788 juvat.
