4404 5902
283 375 380 472 178
1065 382 1217 434 ΕΞ

275 586 404 674 radiis
436 588 524 670 fere
564 619 635 669 roo
665 581 951 698 simplicffius,
1008 580 1337 681 remotiusculis,
1391 571 1534 676 roseis,
1584 581 1826 666 memhrana
1854 581 1987 669 cine·-

276 764 467 825 rascente
499 737 701 850 hyaliaa,
725 737 940 820 interdum
970 737 1093 819 rubro
1124 736 1295 817 suffusa,
1347 737 1464 818 Anus
1493 730 1566 813 vix
1594 733 1790 848 pollicari
1820 736 1987 820 distan-

275 893 337 976 tia
370 927 393 975 a
423 914 583 986 rostr03
624 924 666 1002 p.
697 900 768 972 ani
796 889 895 970 inde
927 889 980 970 ad
1008 890 1187 970 caud-arn
1220 889 1381 1002 paritet
1418 885 1685 986 continuata,
1730 887 1987 995 fulvescens,

278 1044 408 1128 radiis
440 1041 683 1126 rubicundis
713 1041 886 1125 circiter
913 1077 979 1147 90..
1054 1047 1147 1122 Hae·
1184 1042 1296 1124 duae
1328 1039 1489 1153 pinnae
1520 1037 1568 1122 in
1604 1039 1828 1123 caud-alem
1855 1072 1991 1157 angu-

275 1201 504 1282 stissimam
531 1196 820 1282 continuatae,
877 1197 918 1277 V
914 1195 1094 1279 ertebroe
1124 1206 1197 1300 96.
1223 1215 1362 1276 costae
1392 1190 1687 1279 abdominales
1711 1204 1788 1295 45.

696 1467 806 1558 138.
858 1461 1281 1554 BLENNIUS
1334 1463 1564 1553 Tasitia.

415 1659 463 1738 B.
495 1649 651 1736 aculeis
681 1651 961 1767 jugularibus,‚
1001 1677 1182 1764 corpore·
1205 1648 1455 1764 longissimo
1485 1649 1660 1735 fasciato
1676 1714 1692 1755 ‚.
1717 1653 1854 1735 cauda
1884 1660 1991 1743 sub.

272 1804 496 1891 distincta.

416 1963 538 2040 Hunc
566 1959 643 2039 sub
675 1960 830 2042 eodem
857 1955 1029 2043 nomine
1072 1985 1127 2039 ex
1162 1952 1310 2040 insulis
1339 1955 1580 2043 Curilorum
1609 1950 1785 2037 missum·
1811 1961 1992 2080 accepi·

303 2111 505 2193 uond'ana·¹

272 2140 304 2226 q
414 2223 586 2302 Descr.
643 2217 947 2333 SpithamaliS,
973 2222 1109 2305 forma
1136 2221 1341 2322 Taeniae3,
1395 2217 1600 2302 Maxillae
1628 2219 1821 2303 dentibus
1848 2222 1988 2310 osseis

274 2371 565 2457 subdistinctis
593 2372 905 2456 obtusiusculis.
964 2376 1104 2485 Caput
1130 2402 1418 2487 compressum·
1443 2370 1651 2484 operculis
1680 2369 1847 2485 planiS,
1886 2378 1990 2463 sub-

271 2522 636 2637 triangul'aribuar
671 2526 909 2608 membrano
937 2525 1259 2638 branchiost-ega
1292 2521 1618 2636 quadriradiata.
1676 2526 1839 2637 Corpus
1870 2528 1987 2614 ensi·

269 2678 431 2772 brute,
471 2677 707 2789 sqguamulis-
746 2677 958 2778 minimis,
1005 2679 1091 2761 cuti
1130 2678 1286 2760 innatis
1324 2705 1529 2789 sparsum.
1595 2675 1717 2761 Anus·
1745 2678 1791 2760 in
1832 2682 1987 2770 medio

273 2827 568 2940 longitudinis.
627 2802 760 2913 Pinna·
785 2831 964 2913 dorsalis
994 2833 1045 2911 ab
1075 2830 1167 2943 ipso
1196 2829 1336 2942 capite
1367 2829 1420 2909 ad
1450 2829 1640 2928 caudam,
1670 2828 1798 2914 radiis
1830 2834 1985 2941 osseis,

271 2977 382 3061 intra
417 3005 561 3065 cutem·
585 2984 919 3096 spiuescentibus
949 2995 1015 3088 87.
1047 2983 1382 3095 subaequalibus.
1427 2980 1480 3061 P..
1503 2991 1575 3062 ani
1601 2980 1728 3064 radiis
1751 3000 1823 3091 47.
1854 2986 1983 3102 apice

272 3131 564 3235 mollioribus,¹
602 3137 741 3237 flexis,
785 3137 836 3218 ab
866 3165 945 3217 ano
974 3133 1126 3217 itidem
1158 3138 1209 3217 ad
1239 3109 1428 3218 caudam.
1499 3134 1649 3217 cauda
1675 3135 1985 3225 subdistincta-

271 3288 315 3366 Ρ.
346 3287 583 3397 pectorales
612 3318 764 3401 parvae
778 3352 796 3389 ,‚
834 3308 876 3369 et
906 3286 1002 3370 loco
1032 3287 1284 3370 ventralium
1321 3297 1466 3402 spinae
1496 3288 1579 3369 duo
1608 3316 1751 3370 osseae
1781 3319 1983 3378 recurva·

272 3454 361 3538 tae,
393 3440 608 3522 communi
639 3440 819 3522 ossiculo
851 3440 998 3533 fultae,
1029 3441 1254 3551 jugulares,
1285 3443 1360 3523 sub
1392 3441 1491 3555 ipsis
1519 3470 1546 3552 p
1590 3442 1896 3553 pectoralibus·

408 3590 522 3673 Not.
583 3593 689 3677 Cum
722 3592 1002 3705 pcaeredente
1034 3591 1180 3674 missus
1208 3593 1288 3674 fuit
1321 3597 1521 3691 Eleazarus,
1551 3594 1605 3675 de
1634 3624 1716 3706 qno
1744 3614 1852 3679 tunc
1886 3600 1984 3686 bre·

162 3779 172 3800 ·
271 3740 382 3824 riter
414 3743 611 3826 adnotavi
657 3743 900 3857 sequentia,
942 3766 985 3824 et
1026 3744 1241 3856 specimen
1286 3769 1429 3858 postea
1470 3777 1571 3829 casu.
1607 3744 1737 3862 periit
1751 3782 1766 3829 τ.
1823 3753 1983 3837 Formo

273 3895 546 4008 praecedenti
587 3895 856 3996 simillimus„
893 3896 1020 4006 paulo
1066 3896 1227 3991 minor,
1282 3919 1393 3980 totus
1435 3900 1691 3986 rubenimus.
1763 3903 1982 4016 Squamoe

273 4049 526 4162 conspicuae
555 4051 709 4133 nullae.
783 4050 826 4131 P.
868 4053 1044 4132 dorsalis
1083 4080 1213 4164 prope
1257 4050 1444 4134 nucham
1481 4050 1710 4166 incipiens,
1753 4057 1986 4144 radiorum

270 4198 380 4281 ultra
408 4217 474 4306 95.
505 4204 661 4285 caudae
690 4184 947 4287 continuaia.¹
1015 4205 1131 4286 Anus
1160 4203 1331 4286 ctrciter
1356 4201 1401 4286 in
1432 4205 1575 4289 medio
1604 4233 1797 4319 corpore.
1861 4214 1981 4299 Acu-

271 4355 325 4434 ler‘
348 4352 419 4434 vix
450 4376 735 4465 emergentes,
767 4355 986 4468 jugulares,
1017 4385 1093 4468 pro
1123 4354 1564 4468 pinnisventralibus.
1597 4359 1744 4444 Caudo
1773 4362 1990 4449 latiuscu··

265 4500 319 4602 la,
364 4505 587 4604 dssstincta,
629 4509 893 4594 rotundatal.
938 4506 1047 4593 Hinc
1077 4540 1101 4591 a
1128 4511 1194 4593 Bt.
1223 4538 1338 4592 roseo
1367 4511 1491 4624 plane
1520 4511 1690 4616 differt,
1734 4512 1807 4598 cui
1839 4518 1985 4633 pinno

257 4657 416 4742 caudae
444 4659 579 4748 deest.
