4404 5902
359 672 363 682 .
529 574 1614 693 ⁴XVII.ELAEORHOV'S.
1783 592 1790 601 '

269 1056 271 1060 ’
415 1028 579 1116 Piscem
619 1020 734 1112 hunc
774 1024 1036 1128 anomalum,
1092 1027 1167 1111 sub
1207 1021 1379 1112 nomine
1418 1026 1673 1135 callionymi
1712 1023 1955 1127 baanae.

277 1183 489 1294 quondam
517 1212 541 1265 a
568 1210 636 1265 me
664 1179 941 1293 descriptum,
997 1178 1072 1262 sub
1111 1177 1195 1264 hoc
1232 1205 1387 1292 genere
1427 1172 1739 1290 comprehendi
1781 1184 1958 1277 omnino

269 1360 364 1445 'non
378 1361 532 1447 posse,
585 1328 719 1415 immo
757 1327 867 1413 nulli
906 1351 1101 1414 notorum
1142 1357 1342 1442 generum
1379 1324 1694 1414 characteribus
1726 1335 1956 1423 convenire

279 1479 379 1600 ¹satis
405 1479 629 1598 perspicio.
697 1489 808 1594 Ergo
846 1479 1073 1594 tantisper,
1129 1481 1230 1563 dum
1269 1480 1377 1564 forte
1419 1478 1561 1563 affines
1601 1478 1762 1594 species
1790 1484 1962 1574 aliunde

275 1628 565 1736 innotescant,
591 1632 764 1749 proprio
791 1628 976 1727 nomine
990 1630 1126 1714 solum
1153 1627 1228 1714 hic
1254 1644 1489 1745 proponere
1510 1626 1653 1715 'risum
1676 1654 1756 1718 est.
1803 1636 1964 1725 Diffett

276 1806 422 1869 autem
448 1814 472 1867 a
501 1781 780 1896 callionymis
809 1811 895 1867 non
921 1782 1057 1895 solum
1097 1789 1313 1893 pinnarum
1350 1785 1594 1867 mnndum
1619 1782 1792 1870 delectu
1818 1789 1963 1904 plena·

276 1931 364 2037 rio,
420 1936 652 2019 sedetiam
682 1928 1204 2047 operculisbranchiarum
1244 1931 1370 2046 plane
1397 1930 1544 2018 solutis
1572 1952 1617 2016 et
1641 1935 1802 2021 caudas
1830 1939 1961 2054 pinna

276 2080 462 2200 bifurca·
490 2107 538 2169 nt
566 2083 649 2170 slia
673 2107 851 2168 taceam.
893 2080 969 2167 His
996 2079 1149 2167 iisdem
1176 2079 1488 2168 characteribus
1513 2103 1558 2166 et
1577 2082 1801 2198 pinnarum
1815 2113 1959 2204 pecto·

274 2231 429 2350 raliurn
456 2233 788 2349 conformatione
818 2263 866 2318 ac
894 2231 977 2316 situ
1004 2265 1029 2317 a
1057 2232 1194 2319 Cottia
1222 2262 1389 2347 quoque
1416 2231 1599 2337 recedit,
1651 2233 1785 2320 etiarn
1811 2238 1850 2323 si
1879 2239 1962 2357 spi·

277 2410 352 2466 nas
379 2382 531 2499 capitis
559 2382 695 2470 Cottia
722 2385 929 2470 solemnes
956 2412 1041 2467 non
1068 2380 1279 2497 respicias.
1331 2387 1551 2469 Praeterea
1578 2386 1684 2472 adeo
1710 2409 1775 2471 est
1800 2392 1958 2498 mollis,

256 2532 433 2638 «urna,
459 2572 462 2577 ·
486 2537 623 2622 nudus
649 2557 694 2621 et
720 2535 917 2637 excolor,
971 2556 1018 2618 ut
1045 2560 1179 2648 paene
1206 2531 1413 2618 excoriati
1438 2531 1568 2649 piscis
1593 2535 1649 2623 ait
1674 2536 1855 2639 similis,
1912 2565 1959 2629 et

275 2683 464 2787 nullum,
491 2688 606 2800 quod
633 2684 785 2788 sciam,
813 2683 859 2768 in
885 2690 1047 2769 Natura
1075 2684 1294 2796 analogam
1320 2683 1507 2797 speciem
1536 2689 1736 2799 agnoscit,
1764 2687 1852 2779 nisi
1879 2692 1960 2781 Αἰ.

275 2859 405 2945 quam
428 2863 527 2922 curn
552 2833 708 2950 Triglis
736 2832 904 2922 habitus
931 2832 1256 2922 similitudinem
1281 2831 1509 2922 admittere
1537 2836 1658 2925 velis.

276 3101 359 3216 98.
397 3101 970 3196 ELAEORHOUS
1006 3104 1368 3197 bni'cnlcnsis.
1407 3104 1539 3196 ΊΑΒ.
1558 3104 1667 3198 XX.
1700 3102 1786 3226 fig.
1829 3140 1876 3208 r.
1903 3143 1965 3220 2.

411 3289 468 3374 A.
492 3288 637 3404 pinnis
660 3288 943 3405 pectoralibus
971 3289 1198 3403 elongatis,
1246 3289 1401 3376 dorsali
1427 3290 1568 3407 priore
1593 3291 1843 3383 minuscula.

492 3439 788 3554 Callionyrnns
824 3442 1099 3543 balcalensis,
1153 3442 1260 3528 Poll.
1288 3450 1376 3528 itin.
1406 3447 1484 3527 ΙΙΙ.
1512 3446 1687 3559 append.
1714 3478 1756 3562 p.
1786 3481 1883 3558 ⁹⁰7·
1911 3481 1966 3538 n.

546 3607 615 3696 49.
641 3592 749 3676 Non.
775 3597 873 3675 Act.
900 3594 1007 3677 Petr.
1034 3597 1070 3676 l.
1097 3626 1138 3708 p.
1177 3607 1271 3701 349.
1306 3595 1392 3680 tab.
1431 3628 1475 3702 9.
1495 3597 1581 3710 fig.
1611 3628 1649 3684 a.
1679 3610 1719 3685 3.
1773 3601 1958 3690 Gmelr'n.

546 3759 655 3852 syst.
681 3744 776 3825 Lin.
799 3745 875 3826 HI.
905 3774 946 3854 p.
981 3757 1097 3830 1153.
1126 3774 1189 3856 sp.
1219 3761 1262 3848 4.

311 3946 316 3954 -
379 3886 526 3993 Bessis
549 3892 761 3977 Balcalern
789 3891 1078 3978 accolentibus
1103 3895 1402 3996 Golomaenlsa,
1427 3895 1458 3985 i.
1485 3926 1525 3984 e.
1552 3898 1681 4016 piscis
1708 3901 1869 4017 abyssi.

373 4042 586 4153 Tungusis
621 4043 814 4129 Olotlrbn.

404 4189 535 4275 Piscis
564 4191 759 4278 omnibus
786 4192 970 4278 numeris
998 4195 1239 4312 singularis,
1287 4200 1417 4285 Laeui
1444 4201 1587 4288 Baicnl
1614 4201 1797 4291 Sibiriae
1824 4237 1958 4324 pecu·

265 4336 402 4444 liaris,
432 4339 508 4454 qni
534 4341 637 4428 licet
665 4373 880 4456 nunquam
902 4345 949 4430 in
975 4348 1081 4437 retia
1108 4348 1295 4455 incidat,
1332 4351 1431 4466 quia
1458 4351 1506 4437 in
1533 4356 1686 4467 abysso
1709 4359 1953 4472 profundis·

265 4489 362 4574 simi
390 4494 504 4579 lacus
531 4491 687 4578 versari
714 4492 902 4599 ridetur,
954 4499 1135 4584 subinde
1160 4523 1325 4607 tamen,
1364 4526 1459 4621 post
1485 4527 1758 4622 tempestates
1786 4513 1957 4595 laeum

263 4642 491 4755 agitantes,
519 4665 636 4729 tanta
662 4642 788 4760 copie
814 4648 861 4731 in
888 4653 1152 4765 superficiem
1177 4683 1310 4768 aquae
1338 4677 1524 4740 mortuus
1552 4677 1714 4759 enatat,
1756 4681 1805 4743 ut
1833 4689 1950 4746 acer·

260 4791 394 4902 taum
418 4792 466 4883 in
491 4795 685 4914 planiora
709 4796 1004 4889 meridionalia
1031 4807 1166 4891 Lacus
1191 4804 1334 4894 littora
1360 4838 1386 4894 a
1411 4806 1606 4898 fluctibus
1633 4830 1845 4925 egeratur,
1871 4806 1959 4897 ute
