4404 5902
598 538 680 664 ¹29.
749 509 1148 609 COLUBER
1209 514 1437 611 Not-rix.

311 793 360 882 C.
389 792 547 895 fuscus,
587 793 730 877 subtus
758 790 856 876 albo
883 788 1040 898 varius,
1094 813 1242 907 torque
1270 787 1460 907 parotica
1488 786 1695 886 discolore
1722 788 1853 889 inter-

162 967 308 1062 rupta.
1042 1021 1047 1026 .

376 1095 548 1185 Natrix
573 1118 785 1213 torquata,
809 1099 906 1216 flnj.
934 1128 1027 1210 syn.
1049 1099 1174 1214 quod.
1203 1131 1243 1214 p.
1273 1112 1368 1204 334.
1398 1101 1570 1193 Gronov.
1599 1131 1701 1198 mus.
1730 1100 1855 1200 ichth.

445 1254 501 1335 Η.
532 1284 573 1366 ρ.
602 1263 667 1336 63.
696 1282 734 1335 n.
764 1285 828 1359 27.
856 1249 1065 1365 Zoophyl.
1092 1282 1133 1334 n.
1168 1264 1257 1335 ιι3.

389 1404 575 1501 Coluber
599 1401 772 1504 Natrix,
801 1405 891 1487 Liu.
921 1421 1027 1514 syst.
1055 1404 1148 1484 XII.
1178 1405 1212 1485 1.
1242 1434 1282 1516 p.
1312 1415 1405 1488 380.

391 1555 578 1644 Coluber
605 1554 817 1657 unicolor,
847 1552 997 1639 collari
1025 1554 1438 1654 albo-flavescente,
1476 1557 1640 1643 macula
1667 1558 1854 1676 triangu-

458 1706 539 1792 lari
565 1729 673 1812 atra,
700 1709 924 1794 Boddaert.
952 1708 1059 1792 Nov.
1087 1707 1183 1790 Act.
1214 1707 1314 1792 Not.
1344 1711 1439 1795 Cur.
1457 1711 1702 1825 V11.‚.p.‚24.
1731 1729 1852 1805 rado.

281 1859 456 1948 Rossics
488 1863 633 1946 Uest.-

278 2011 470 2098 Lettonis
497 2016 649 2107 Saltis;
678 2009 879 2099 Esthonis
910 2014 970 2100 Us
996 2014 1066 2100 vel
1092 2013 1266 2103 Muddo.

277 2165 444 2252 Tataris
486 2162 808 2252 Casaniensibus
854 2167 964 2252 Tus·
977 2168 1103 2253 bosch
1151 2167 1342 2279 (salitum
1372 2173 1515 2286 caput)
1527 2205 1542 2266 ,·
1590 2165 1852 2262 ,Baschkiris

331 2320 490 2405 Baiter·
508 2318 633 2402 bosch
663 2322 885 2433 (cupreum
913 2340 1077 2433 caput).

274 2467 511 2584 Caragassis
538 2471 790 2583 Simytende.

272 2621 481 2737 Tungusis
507 2624 646 2724 Kolin,

272 2779 497 2892 *Serpens
528 2774 575 2862 in
602 2806 782 2890 genere:
822 2776 987 2904 Tataris
1015 2781 1221 2874 ostilam
1250 2781 1519 2894 Mougolicae
1548 2780 1672 2898 stirpi
1689 2764 1849 2896 Mogois

153 2927 354 3016 Votiacis
381 2931 482 3042 Kyu
495 2969 510 3027 ‚-
550 2929 728 3043 Vogulis
755 2929 903 3051 Njoln,
942 2931 1186 3017 Morduanis
1213 2935 1454 3048 Serprnelsui
1466 2970 1481 3030 ‚·
1510 2933 1694 3021 Ostiacis
1722 2940 1851 3020 Bere·

152 3080 422 3168 soriensibus
440 3084 625 3169 Wochto
641 3092 767 3185 -uai,
796 3083 1128 3197 Narymensibus
1157 3086 1229 3167 Sui
1241 3119 1255 3178 ‚·
1293 3082 1612 3197 Surgutensibus
1637 3088 1847 3187 Mdnlsem3
1928 3172 1932 3181 ,

156 3234 398 3348 Caragassis
424 3236 672 3331 Simiteade3
699 3233 906 3347 Tungusis
933 3236 1099 3319 Knllin:
1135 3232 1367 3347 Samojedis
1395 3232 1636 3321 monticolis
1664 3238 1847 3351 Schiny·

154 3390 302 3486 τὶηιὶός
334 3387 523 3476 Coibalis
551 3390 717 3474 Nanrue
730 3421 745 3482 ‚·
774 3385 1017 3473 Camaschis
1045 3389 1225 3471 Nuause.

297 3529 616 3656 Vulgatissima,
661 3560 708 3624 ut
735 3561 816 3642 est,
857 3516 1130 3654 peromnem
1157 3546 1368 3654 Europam
1394 3538 1584 3657 species,
1626 3539 1687 3626 sic
1715 3539 1846 3627 etiam

156 3697 272 3812 apud
311 3725 409 3799 nos,
467 3717 634 3810 praeter
674 3690 859 3778 maxime
900 3693 1090 3776 boreales
1129 3713 1284 3776 tractus
1327 3713 1371 3776 et
1407 3681 1601 3778 ultimam
1631 3693 1842 3798 Sibiriam,

153 3878 362 3962 nusquam
402 3849 541 3951 deest,
581 3847 694 3934 circa
731 3875 859 3962 pagos
892 3844 1137 3960 praesertim
1166 3844 1281 3927 etin
1311 3846 1513 3931 ruderatis
1543 3875 1650 3959 vaga
1678 3844 1845 3932 videtur

157 3999 277 4085 enim
315 3998 539 4086 hominum
579 4000 836 4086 consortium
875 4025 1099 4112 quaerere,
1157 4018 1201 4080 et
1240 4027 1368 4110 quum
1404 3995 1676 4081 solertissime
1704 4027 1841 4083 mures

124 4146 352 4256 'venetum
407 4152 561 4268 injuste
602 4153 807 4268 aplebe,
864 4146 1112 4265 praesertim
1142 4147 1560 4254 Mahometsnorum,
1617 4146 1842 4234 occiditur.
1955 4167 1959 4176 ’

155 4307 243 4390 Sed
270 4303 335 4389 uti
361 4303 429 4390 his
457 4302 722 4392 meritorium
749 4324 813 4386 est
840 4307 1063 4418 Serpentes
1092 4301 1309 4405 occidere,
1366 4300 1427 4385 ita
1457 4325 1601 4387 contra
1630 4299 1843 4416 Mongolis

154 4479 203 4541 et
229 4457 488 4562 Calmuccis,
544 4479 717 4574 propter
760 4451 1165 4571 metempsychosin,
1221 4452 1452 4538 maximum
1497 4450 1677 4537 habetur
1710 4455 1839 4537 nefas.

82 4631 87 4641 “
152 4605 315 4696 Natrix
342 4639 368 4695 e
395 4606 600 4697 cuniculis
629 4608 712 4695 suis
741 4632 786 4696 et
811 4606 1000 4693 latibulis
1028 4637 1151 4724 saepe
1178 4614 1263 4719 jam
1291 4603 1447 4690 Martio
1474 4604 1640 4721 prodit,
1678 4607 1751 4690 sed
1778 4606 1842 4690 iu

153 4787 333 4880 gruente
362 4763 516 4881 frigore
544 4764 684 4850 denuo
712 4759 971 4877 obtorpescit
999 4782 1043 4844 et
1070 4758 1278 4844 conditur.

1386 4923 1406 4964 0
