4404 5902
273 401 362 490 '126
1040 418 1190 476 em

374 623 519 712 Rossis
560 622 782 709 Buitscbolr
822 622 918 735 (bos
956 620 1195 736 diminut.),
1235 618 1554 708 Scbirokoloblro
1593 621 1645 735 (i.
1673 650 1713 710 e.
1739 620 1946 742 laticeps),

429 797 474 861 et
499 779 653 862 eodem
681 776 893 862 obscoeno
919 774 1090 860 nomine
1117 803 1201 889 quo
1229 770 1413 859 Gobium
1441 772 1690 861 fluviatilem
1717 774 1919 863 salutant.

402 932 454 1013 ln
482 924 708 1013 fluentibus
735 947 782 1011 et
807 927 980 1011 lacubus
1007 925 1164 1011 saxosis
1191 925 1388 1024 Rossiae,
1424 947 1470 1010 et
1495 924 1755 1040 frequentius
1781 953 1864 1042 per
1889 928 1946 1014 Si·

263 1077 418 1168 birism
446 1077 648 1182 occurrit,
691 1076 822 1161 etiam
849 1077 896 1162 in
924 1085 1037 1164 Lacu
1065 1078 1232 1177 Balcal,
1286 1105 1466 1192 eumque
1494 1074 1766 1162 influentibus
1794 1077 1946 1196 alpinis

262 1227 403 1315 fluviis
431 1249 475 1314 et
501 1227 615 1315 circs
634 1227 971 1314 Camtschatcam
989 1236 1048 1342 (⁸)
1062 1231 1270 1342 frequens.
1319 1231 1369 1310 In
1395 1226 1494 1312 cibo
1522 1259 1546 1311 s
1572 1225 1743 1312 nemine
1773 1227 1946 1317 adhibe

261 1402 341 1484 tur,
372 1381 447 1465 sed
472 1377 688 1481 siccatum,
718 1377 895 1463 amuleti
921 1381 1075 1485 instar,
1107 1383 1350 1495 appendunt
1378 1378 1511 1483 collo,
1541 1400 1588 1463 ut
1614 1401 1763 1494 pectus
1790 1403 1946 1496 tangat,

261 1533 521 1645 creduntque
559 1531 757 1645 prodesse
800 1532 853 1615 ad
899 1529 1119 1614 Tertianas
1162 1531 1403 1644 abigendas.
1472 1535 1540 1615 De
1578 1528 1692 1616 vitae
1718 1559 1878 1644 genere
1904 1557 1946 1619 et

258 1679 569 1798 prolificatione
598 1687 686 1795 ejus
717 1682 806 1766 fuse
833 1684 883 1764 M
893 1690 1122 1770 arsilius
1148 1685 1306 1768 Comes.

396 1835 577 1918 Descr.
631 1832 865 1945 Longitudo
892 1831 1033 1946 digiti.
1090 1835 1229 1948 Caput
1255 1830 1412 1948 pollice
1440 1828 1558 1917 virili
1584 1831 1729 1936 latius,
1782 1835 1946 1951 depres-

259 2013 372 2082 sum,
410 1984 584 2070 cordato
597 2032 613 2049 ·
627 1985 920 2086 rotundatum,
963 1985 1109 2085 laeve,
1163 1983 1372 2097 operculis
1396 1983 1593 2097 utrinque
1622 1982 1786 2097 gibbis,
1828 1987 1946 2101 spina

258 2166 406 2253 parum
434 2134 663 2237 eminente,
690 2164 819 2218 curve
847 2136 1029 2218 armatis.
1070 2135 1241 2218 Membr.
1272 2133 1584 2247 bronchiostego
1609 2164 1751 2250 panse,
1782 2159 1946 2251 septem

259 2285 436 2371 radiata.
508 2284 632 2369 Oculi
658 2283 706 2367 in
734 2282 894 2368 vertice
922 2282 1296 2400 subapproximati.
1359 2284 1421 2368 Os
1451 2282 1624 2367 maxilla
1651 2281 1856 2371 inferiore
1882 2287 1946 2373 in·

257 2437 395 2538 clusa,
423 2457 597 2549 utraque
628 2435 816 2548 margine
846 2436 1051 2540 scabrata,
1103 2459 1225 2521 extus
1253 2434 1440 2522 molliter
1466 2433 1636 2518 labiata.
1691 2438 1856 2550 Corpus
1883 2444 1946 2548 (ut

258 2586 307 2672 in
335 2595 509 2700 genere)
538 2617 562 2670 a
590 2586 731 2701 capite
757 2588 898 2670 subito
926 2589 1217 2691 adtenuatum,
1266 2585 1814 2701 compressiusculo·teres,
1855 2590 1946 2706 pin«

260 2765 365 2850 gue,
392 2757 490 2820 cute
517 2734 746 2821 tenerrima
773 2762 979 2832 mucosa3
1006 2747 1119 2824 color
1144 2768 1266 2853 supra
1293 2740 1522 2837 lutescens,
1550 2733 1730 2851 pulchre
1759 2737 1946 2828 lituram

260 2885 517 3001 variegatus,
558 2889 699 2971 subtus
728 2887 861 2972 albus.
917 2888 1035 2973 Anus
1057 2888 1105 2973 in
1132 2887 1382 3003 aequilibro.
1438 2888 1658 2971 Pisaurum
1685 2887 1797 2975 redii
1820 2891 1947 2993 ossei,

260 3063 434 3141 tenues,
474 3034 710 3151 simplices,
758 3034 1037 3148 rigidiusculi.
1091 3041 1139 3123 P.
1169 3047 1395 3153 pectorales
1420 3066 1619 3152 magnae,
1654 3036 1846 3147 sessiles,
1874 3045 1946 3128 ds.

258 3190 541 3293 belliformes,
567 3191 834 3291 rotundatae,
864 3189 1272 3293 fusco-undulatae,
1300 3188 1510 3274 radiorum
1545 3202 1592 3275 13
1607 3225 1625 3288 ;.
1658 3199 1866 3280 vernales
1889 3195 1946 3280 d·

257 3342 359 3446 bae,
388 3336 780 3454 quinqueradiatse,
821 3341 896 3425 sub
925 3338 1067 3424 medio
1095 3362 1286 3455 pectore,
1324 3368 1544 3426 convexo·
1560 3339 1757 3452 didymo,
1788 3341 1943 3430 distan-

257 3514 335 3577 tes.
391 3494 437 3579 P.
467 3497 538 3574 ani
563 3488 793 3574 obsoletius
820 3488 1050 3605 variegata,
1108 3493 1197 3576 rad.
1232 3529 1293 3577 ιι.
1363 3494 1411 3576 Ρ.
1440 3491 1552 3576 dorsi
1578 3494 1692 3605 prior
1720 3512 1942 3606 septemre-

260 3641 400 3744 diata,
430 3639 558 3725 radiis
584 3637 805 3740 tenuibus,
836 3637 1195 3752 spinescentibus3
1222 3646 1401 3729 secundo
1426 3638 1621 3737 inermis,
1648 3639 1783 3752 magis
1811 3646 1941 3732 varie·

259 3811 379 3906 gata,
407 3791 496 3874 rad.
523 3786 695 3872 circiter
728 3822 790 3898 ¹7·
846 3790 995 3873 cauda
1023 3791 1266 3893 rotundata,
1297 3792 1528 3910 variegata,
1568 3792 1659 3878 rad.
1695 3824 1759 3900 ¹9·
1813 3797 1941 3885 Festi·

258 3973 314 4028 na
341 3938 434 4029 ovis
460 3937 632 4052 gravida
658 3962 804 4025 ventre
831 3937 1137 4053 turgidissimo,
1173 3939 1359 4059 didymo.

306 4380 366 4483 (‘)
391 4382 438 4451 sd
463 4378 732 4452 crmtschattcs
756 4383 883 4454 littora
895 4389 994 4459 eost
1013 4386 1215 4458 Gobionem
1235 4386 1420 4472 nonvid13
1444 4392 1485 4456 st
1502 4387 1614 4476 piscis
1628 4388 1693 4477 qul
1717 4392 1869 4480 copiose
1892 4393 1940 4467 abl

381 4503 447 4572 sub
473 4507 618 4573 nomine
642 4497 816 4575 Buitschol
840 4512 1022 4577 invenitur
1045 4516 1102 4577 est
1126 4507 1304 4600 Synanccjs
1330 4501 1459 4575 cervas
1494 4503 1706 4602 (Memoires
1730 4510 1779 4577 de
1804 4510 1942 4584 raud

379 4627 472 4712 Imp.
498 4621 546 4692 dc
570 4625 729 4692 sciences
755 4624 800 4692 de
826 4629 877 4693 St.
903 4628 1142 4719 Petersbourg
1164 4636 1254 4698 'som
1279 4631 1340 4693 111.
1364 4624 1453 4692 Tab.
1480 4628 1571 4692 xm.
1609 4646 1646 4715 p.
1675 4628 1761 4722 278.
1775 4671 1825 4687 -
1840 4630 1941 4726 285.)

379 4741 442 4812 vel
467 4744 598 4814 cottus
624 4741 790 4811 dlcersus
815 4745 988 4815 Pollassil.
1051 4740 1201 4818 coitum
1238 4749 1420 4835 scorpium
1457 4742 1517 4812 vel
1553 4750 1680 4834 potius
1703 4747 1942 4844 hemilepido·

377 4866 459 4934 len
484 4858 794 4939 cnuthum
818 4872 859 4938 st
882 4870 1135 4939 Ametlcsnun
1161 4867 1286 4961 (nuk)
1311 4867 1444 4938 bovem
1466 4866 1604 4940 dicunt.
1657 4864 1697 4941 T
1711 4915 1747 4940 ·.
1764 4916 1776 4942 .
1792 4920 1802 4940 .
1817 4895 1843 4944 t.
