<?xml version="1.0" encoding="UTF-8"?>
<!DOCTYPE html PUBLIC "-//W3C//DTD XHTML 1.0 Transitional//EN"
    "http://www.w3.org/TR/xhtml1/DTD/xhtml1-transitional.dtd">
<html xmlns="http://www.w3.org/1999/xhtml" xml:lang="en" lang="en">
 <head>
  <title>
</title>
<meta http-equiv="Content-Type" content="text/html;charset=utf-8" />
  <meta name='ocr-system' content='tesseract 3.04.00' />
  <meta name='ocr-capabilities' content='ocr_page ocr_carea ocr_par ocr_line ocrx_word'/>
</head>
<body>
  <div class='ocr_page' id='page_1' title='image "./zoographiarosso00pallgoog_0086.png"; bbox 0 0 4404 5902; ppageno 0'>
   <div class='ocr_carea' id='block_1_1' title="bbox 886 357 1815 471">
    <p class='ocr_par' dir='ltr' id='par_1_1' title="bbox 886 357 1815 471">
     <span class='ocr_line' id='line_1_1' title="bbox 886 357 1815 471; baseline -0.002 -40"><span class='ocrx_word' id='word_1_1' title='bbox 886 372 1037 431; x_wconf 62' lang='grc' dir='ltr'><strong>ΕΞ</strong></span> <span class='ocrx_word' id='word_1_2' title='bbox 1424 357 1433 379; x_wconf 70' lang='grc'><em>“</em></span> <span class='ocrx_word' id='word_1_3' title='bbox 1585 368 1588 380; x_wconf 90' lang='grc'>’</span> <span class='ocrx_word' id='word_1_4' title='bbox 1755 365 1815 471; x_wconf 84' lang='lat'><strong>69</strong></span> 
     </span>
    </p>
   </div>
   <div class='ocr_carea' id='block_1_2' title="bbox 113 587 1890 2754">
    <p class='ocr_par' dir='ltr' id='par_1_2' title="bbox 132 587 1888 1781">
     <span class='ocr_line' id='line_1_2' title="bbox 146 587 1805 694; baseline -0.003 -19"><span class='ocrx_word' id='word_1_5' title='bbox 146 610 210 675; x_wconf 86' lang='lat' dir='ltr'><strong>tun</strong></span> <span class='ocrx_word' id='word_1_6' title='bbox 230 595 283 669; x_wconf 86' lang='lat' dir='ltr'><strong>val</strong></span> <span class='ocrx_word' id='word_1_7' title='bbox 304 594 485 669; x_wconf 87' lang='lat' dir='ltr'><strong>circulare</strong></span> <span class='ocrx_word' id='word_1_8' title='bbox 508 590 601 690; x_wconf 68' lang='lat' dir='ltr'><strong>(rig.</strong></span> <span class='ocrx_word' id='word_1_9' title='bbox 626 587 680 683; x_wconf 77' lang='lat' dir='ltr'><strong>a.)</strong></span> <span class='ocrx_word' id='word_1_10' title='bbox 705 592 753 664; x_wconf 88' lang='lat' dir='ltr'><strong>ad</strong></span> <span class='ocrx_word' id='word_1_11' title='bbox 777 592 976 685; x_wconf 85' lang='lat' dir='ltr'><strong>sugendum</strong></span> <span class='ocrx_word' id='word_1_12' title='bbox 1001 599 1199 685; x_wconf 82' lang='lat' dir='ltr'><strong>idoneum,</strong></span> <span class='ocrx_word' id='word_1_13' title='bbox 1248 594 1347 670; x_wconf 85' lang='lat' dir='ltr'><strong>labio</strong></span> <span class='ocrx_word' id='word_1_14' title='bbox 1373 592 1620 689; x_wconf 81' lang='lat' dir='ltr'><strong>crassiusculo</strong></span> <span class='ocrx_word' id='word_1_15' title='bbox 1652 598 1805 694; x_wconf 88' lang='lat' dir='ltr'><strong>papillis</strong></span> 
     </span>
     <span class='ocr_line' id='line_1_3' title="bbox 146 711 1806 816; baseline 0.001 -24"><span class='ocrx_word' id='word_1_16' title='bbox 146 724 363 792; x_wconf 72' lang='lat' dir='ltr'><strong>minutissimis</strong></span> <span class='ocrx_word' id='word_1_17' title='bbox 391 717 483 814; x_wconf 71' lang='lat' dir='ltr'><strong>(fig.</strong></span> <span class='ocrx_word' id='word_1_18' title='bbox 509 735 543 790; x_wconf 83' lang='lat'><strong>2.</strong></span> <span class='ocrx_word' id='word_1_19' title='bbox 570 741 597 788; x_wconf 85' lang='lat' dir='ltr'><strong>c.</strong></span> <span class='ocrx_word' id='word_1_20' title='bbox 627 711 667 791; x_wconf 73' lang='grc'><strong>9.</strong></span> <span class='ocrx_word' id='word_1_21' title='bbox 705 712 759 816; x_wconf 82' lang='lat' dir='ltr'><strong>d.)</strong></span> <span class='ocrx_word' id='word_1_22' title='bbox 797 717 1060 788; x_wconf 81' lang='lat' dir='ltr'><strong>mucronulatis</strong></span> <span class='ocrx_word' id='word_1_23' title='bbox 1095 720 1232 789; x_wconf 76' lang='lat' dir='ltr'>scabris</span> <span class='ocrx_word' id='word_1_24' title='bbox 1279 722 1401 793; x_wconf 91' lang='lat' dir='ltr'><strong>obsito</strong></span> <span class='ocrx_word' id='word_1_25' title='bbox 1437 726 1626 810; x_wconf 89' lang='lat' dir='ltr'><strong>cinctum,</strong></span> <span class='ocrx_word' id='word_1_26' title='bbox 1679 723 1806 794; x_wconf 82' lang='lat' dir='ltr'><strong>ordine</strong></span> 
     </span>
     <span class='ocr_line' id='line_1_4' title="bbox 148 834 1809 936; baseline 0.001 -25"><span class='ocrx_word' id='word_1_27' title='bbox 148 844 282 912; x_wconf 80' lang='lat' dir='ltr'><strong>dentium</strong></span> <span class='ocrx_word' id='word_1_28' title='bbox 307 844 556 911; x_wconf 81' lang='lat' dir='ltr'><strong>ssavicantium</strong></span> <span class='ocrx_word' id='word_1_29' title='bbox 580 839 751 910; x_wconf 90' lang='lat' dir='ltr'><strong>circulari</strong></span> <span class='ocrx_word' id='word_1_30' title='bbox 789 846 895 910; x_wconf 92' lang='lat' dir='ltr'><strong>unico</strong></span> <span class='ocrx_word' id='word_1_31' title='bbox 934 834 1003 936; x_wconf 85' lang='lat' dir='ltr'><strong>(se)</strong></span> <span class='ocrx_word' id='word_1_32' title='bbox 1042 843 1235 935; x_wconf 89' lang='lat' dir='ltr'><strong>majoribus</strong></span> <span class='ocrx_word' id='word_1_33' title='bbox 1271 844 1501 913; x_wconf 85' lang='lat' dir='ltr'><strong>inferioribus</strong></span> <span class='ocrx_word' id='word_1_34' title='bbox 1528 845 1607 912; x_wconf 87' lang='lat' dir='ltr'><strong>basi</strong></span> <span class='ocrx_word' id='word_1_35' title='bbox 1633 849 1809 914; x_wconf 79' lang='lat' dir='ltr'>connexis</span> 
     </span>
     <span class='ocr_line' id='line_1_5' title="bbox 150 962 1808 1056; baseline 0.001 -24"><span class='ocrx_word' id='word_1_36' title='bbox 150 966 189 1055; x_wconf 83' lang='lat' dir='ltr'><strong>(i)</strong></span> <span class='ocrx_word' id='word_1_37' title='bbox 209 986 277 1032; x_wconf 91' lang='lat' dir='ltr'><strong>cum</strong></span> <span class='ocrx_word' id='word_1_38' title='bbox 300 971 459 1052; x_wconf 87' lang='lat' dir='ltr'><strong>quatuor</strong></span> <span class='ocrx_word' id='word_1_39' title='bbox 482 962 703 1032; x_wconf 87' lang='lat' dir='ltr'><strong>centralibus</strong></span> <span class='ocrx_word' id='word_1_40' title='bbox 729 965 785 1056; x_wconf 88' lang='lat' dir='ltr'><strong>(g)</strong></span> <span class='ocrx_word' id='word_1_41' title='bbox 822 966 979 1031; x_wconf 85' lang='lat' dir='ltr'><strong>maxime</strong></span> <span class='ocrx_word' id='word_1_42' title='bbox 1017 965 1277 1034; x_wconf 88' lang='lat' dir='ltr'><strong>bimucronatis</strong></span> <span class='ocrx_word' id='word_1_43' title='bbox 1308 967 1376 1055; x_wconf 83' lang='lat' dir='ltr'><strong>(su)</strong></span> <span class='ocrx_word' id='word_1_44' title='bbox 1402 972 1441 1052; x_wconf 76' lang='lat' dir='ltr'><strong>et</strong></span> <span class='ocrx_word' id='word_1_45' title='bbox 1465 966 1588 1055; x_wconf 87' lang='lat' dir='ltr'><strong>lingua</strong></span> <span class='ocrx_word' id='word_1_46' title='bbox 1615 971 1693 1056; x_wconf 71' lang='lat' dir='ltr'><strong>ipsd</strong></span> <span class='ocrx_word' id='word_1_47' title='bbox 1720 967 1808 1035; x_wconf 89' lang='lat' dir='ltr'><strong>den·</strong></span> 
     </span>
     <span class='ocr_line' id='line_1_6' title="bbox 147 1078 1810 1176; baseline 0.002 -22"><span class='ocrx_word' id='word_1_48' title='bbox 147 1084 350 1176; x_wconf 56' lang='lat' dir='ltr'><strong>tinnitum)</strong></span> <span class='ocrx_word' id='word_1_49' title='bbox 377 1085 552 1153; x_wconf 89' lang='lat' dir='ltr'><strong>infundo</strong></span> <span class='ocrx_word' id='word_1_50' title='bbox 579 1085 772 1174; x_wconf 88' lang='lat' dir='ltr'><strong>repletum.</strong></span> <span class='ocrx_word' id='word_1_51' title='bbox 836 1078 963 1154; x_wconf 80' lang='lat' dir='ltr'><em>Dentes</em></span> <span class='ocrx_word' id='word_1_52' title='bbox 997 1089 1149 1154; x_wconf 85' lang='lat' dir='ltr'><strong>miniato</strong></span> <span class='ocrx_word' id='word_1_53' title='bbox 1167 1085 1287 1154; x_wconf 77' lang='lat' dir='ltr'><strong>·1utei</strong></span> <span class='ocrx_word' id='word_1_54' title='bbox 1319 1090 1437 1156; x_wconf 90' lang='lat' dir='ltr'><strong>conici</strong></span> <span class='ocrx_word' id='word_1_55' title='bbox 1462 1090 1674 1173; x_wconf 89' lang='lat' dir='ltr'><strong>incurvati,</strong></span> <span class='ocrx_word' id='word_1_56' title='bbox 1711 1093 1810 1157; x_wconf 89' lang='lat' dir='ltr'><strong>intus</strong></span> 
     </span>
     <span class='ocr_line' id='line_1_7' title="bbox 144 1205 1812 1298; baseline 0.002 -23"><span class='ocrx_word' id='word_1_57' title='bbox 144 1213 215 1275; x_wconf 87' lang='lat' dir='ltr'><strong>cavi</strong></span> <span class='ocrx_word' id='word_1_58' title='bbox 233 1212 385 1298; x_wconf 77' lang='lat' dir='ltr'><strong>margine</strong></span> <span class='ocrx_word' id='word_1_59' title='bbox 409 1206 558 1274; x_wconf 92' lang='lat' dir='ltr'><strong>basilari</strong></span> <span class='ocrx_word' id='word_1_60' title='bbox 583 1226 737 1274; x_wconf 84' lang='lat' dir='ltr'><strong>carnoso</strong></span> <span class='ocrx_word' id='word_1_61' title='bbox 762 1209 898 1292; x_wconf 89' lang='lat' dir='ltr'><strong>cincti,</strong></span> <span class='ocrx_word' id='word_1_62' title='bbox 950 1205 1129 1276; x_wconf 90' lang='lat' dir='ltr'><strong>centrales</strong></span> <span class='ocrx_word' id='word_1_63' title='bbox 1154 1205 1396 1275; x_wconf 89' lang='lat' dir='ltr'><strong>bimucronati</strong></span> <span class='ocrx_word' id='word_1_64' title='bbox 1423 1210 1494 1298; x_wconf 85' lang='lat' dir='ltr'><strong>(g).</strong></span> <span class='ocrx_word' id='word_1_65' title='bbox 1558 1207 1658 1276; x_wconf 91' lang='lat' dir='ltr'><strong>Ordo</strong></span> <span class='ocrx_word' id='word_1_66' title='bbox 1684 1212 1812 1278; x_wconf 84' lang='lat' dir='ltr'><strong>unicus</strong></span> 
     </span>
     <span class='ocr_line' id='line_1_8' title="bbox 144 1327 1808 1417; baseline 0.002 -22"><span class='ocrx_word' id='word_1_67' title='bbox 144 1328 281 1398; x_wconf 84' lang='lat' dir='ltr'><strong>dentium</strong></span> <span class='ocrx_word' id='word_1_68' title='bbox 305 1332 345 1394; x_wconf 92' lang='lat' dir='ltr'><strong>in</strong></span> <span class='ocrx_word' id='word_1_69' title='bbox 382 1327 589 1413; x_wconf 90' lang='lat' dir='ltr'><strong>circulum,</strong></span> <span class='ocrx_word' id='word_1_70' title='bbox 639 1330 743 1396; x_wconf 83' lang='lat' dir='ltr'><strong>cuius</strong></span> <span class='ocrx_word' id='word_1_71' title='bbox 779 1327 928 1395; x_wconf 88' lang='lat' dir='ltr'><strong>inferior</strong></span> <span class='ocrx_word' id='word_1_72' title='bbox 965 1348 1071 1396; x_wconf 91' lang='lat' dir='ltr'><strong>arcus</strong></span> <span class='ocrx_word' id='word_1_73' title='bbox 1110 1347 1132 1392; x_wconf 88' lang='lat' dir='ltr'><strong>a</strong></span> <span class='ocrx_word' id='word_1_74' title='bbox 1169 1327 1367 1417; x_wconf 87' lang='lat' dir='ltr'><strong>majoribus</strong></span> <span class='ocrx_word' id='word_1_75' title='bbox 1394 1330 1501 1398; x_wconf 87' lang='lat' dir='ltr'><strong>dictis</strong></span> <span class='ocrx_word' id='word_1_76' title='bbox 1526 1330 1605 1400; x_wconf 92' lang='lat' dir='ltr'><strong>basi</strong></span> <span class='ocrx_word' id='word_1_77' title='bbox 1632 1333 1808 1399; x_wconf 75' lang='lat' dir='ltr'><strong>connexis</strong></span> 
     </span>
     <span class='ocr_line' id='line_1_9' title="bbox 139 1446 1810 1543; baseline -0.001 -23"><span class='ocrx_word' id='word_1_78' title='bbox 139 1450 327 1539; x_wconf 83' lang='lat' dir='ltr'><strong>clauditur,</strong></span> <span class='ocrx_word' id='word_1_79' title='bbox 356 1449 618 1540; x_wconf 90' lang='lat' dir='ltr'><strong>dispositorum</strong></span> <span class='ocrx_word' id='word_1_80' title='bbox 643 1451 808 1533; x_wconf 61' lang='lat' dir='ltr'><strong>exterior</strong></span> <span class='ocrx_word' id='word_1_81' title='bbox 834 1456 891 1518; x_wconf 91' lang='lat' dir='ltr'><strong>est</strong></span> <span class='ocrx_word' id='word_1_82' title='bbox 915 1455 955 1517; x_wconf 89' lang='lat' dir='ltr'><strong>et</strong></span> <span class='ocrx_word' id='word_1_83' title='bbox 979 1448 1078 1516; x_wconf 92' lang='lat' dir='ltr'><strong>labio</strong></span> <span class='ocrx_word' id='word_1_84' title='bbox 1103 1446 1274 1516; x_wconf 90' lang='lat' dir='ltr'><strong>circulari</strong></span> <span class='ocrx_word' id='word_1_85' title='bbox 1300 1453 1501 1540; x_wconf 85' lang='lat' dir='ltr'><strong>proprior,</strong></span> <span class='ocrx_word' id='word_1_86' title='bbox 1540 1470 1607 1541; x_wconf 93' lang='lat' dir='ltr'><strong>par</strong></span> <span class='ocrx_word' id='word_1_87' title='bbox 1632 1456 1810 1543; x_wconf 86' lang='lat' dir='ltr'><strong>majorum</strong></span> 
     </span>
     <span class='ocr_line' id='line_1_10' title="bbox 136 1568 1888 1661; baseline 0 -21"><span class='ocrx_word' id='word_1_88' title='bbox 136 1573 284 1641; x_wconf 88' lang='lat' dir='ltr'><strong>dentium</strong></span> <span class='ocrx_word' id='word_1_89' title='bbox 309 1570 646 1638; x_wconf 88' lang='lat' dir='ltr'><strong>bimucronatorum</strong></span> <span class='ocrx_word' id='word_1_90' title='bbox 672 1570 834 1638; x_wconf 86' lang='lat' dir='ltr'><strong>centrale</strong></span> <span class='ocrx_word' id='word_1_91' title='bbox 859 1576 899 1639; x_wconf 84' lang='lat' dir='ltr'><strong>et</strong></span> <span class='ocrx_word' id='word_1_92' title='bbox 924 1590 990 1661; x_wconf 90' lang='lat' dir='ltr'><strong>par</strong></span> <span class='ocrx_word' id='word_1_93' title='bbox 1015 1573 1195 1636; x_wconf 87' lang='lat' dir='ltr'><strong>minorum</strong></span> <span class='ocrx_word' id='word_1_94' title='bbox 1222 1589 1331 1660; x_wconf 91' lang='lat' dir='ltr'><strong>supra</strong></span> <span class='ocrx_word' id='word_1_95' title='bbox 1355 1568 1520 1639; x_wconf 86' lang='lat' dir='ltr'><strong>centrale</strong></span> <span class='ocrx_word' id='word_1_96' title='bbox 1546 1572 1693 1640; x_wconf 84' lang='lat' dir='ltr'><strong>ordines</strong></span> <span class='ocrx_word' id='word_1_97' title='bbox 1718 1576 1813 1641; x_wconf 76' lang='lat' dir='ltr'><strong>inte·¹</strong></span> <span class='ocrx_word' id='word_1_98' title='bbox 1862 1585 1888 1613; x_wconf 84' lang='grc'><strong>’-</strong></span> 
     </span>
     <span class='ocr_line' id='line_1_11' title="bbox 132 1698 923 1781; baseline -0.005 -19"><span class='ocrx_word' id='word_1_99' title='bbox 132 1699 240 1762; x_wconf 88' lang='lat' dir='ltr'><strong>riores</strong></span> <span class='ocrx_word' id='word_1_100' title='bbox 264 1698 501 1781; x_wconf 84' lang='lat' dir='ltr'><strong>componunt.</strong></span> <span class='ocrx_word' id='word_1_101' title='bbox 916 1703 923 1716; x_wconf 85' lang='lat'><strong><em>‘</em></strong></span> 
     </span>
    </p>

    <p class='ocr_par' dir='ltr' id='par_1_3' title="bbox 113 1801 1890 2635">
     <span class='ocr_line' id='line_1_12' title="bbox 225 1801 1814 1908; baseline 0 -26"><span class='ocrx_word' id='word_1_102' title='bbox 225 1816 293 1882; x_wconf 87' lang='lat' dir='ltr'><strong>Sub</strong></span> <span class='ocrx_word' id='word_1_103' title='bbox 317 1818 391 1881; x_wconf 89' lang='lat' dir='ltr'><strong>oris</strong></span> <span class='ocrx_word' id='word_1_104' title='bbox 417 1819 543 1881; x_wconf 85' lang='lat' dir='ltr'><strong>centro</strong></span> <span class='ocrx_word' id='word_1_105' title='bbox 568 1811 677 1899; x_wconf 78' lang='lat' dir='ltr'><strong>lingna</strong></span> <span class='ocrx_word' id='word_1_106' title='bbox 702 1815 782 1902; x_wconf 84' lang='lat' dir='ltr'><strong>ipsa</strong></span> <span class='ocrx_word' id='word_1_107' title='bbox 809 1817 847 1881; x_wconf 89' lang='lat' dir='ltr'><strong>in</strong></span> <span class='ocrx_word' id='word_1_108' title='bbox 872 1813 1031 1883; x_wconf 87' lang='lat' dir='ltr'><strong>faucium</strong></span> <span class='ocrx_word' id='word_1_109' title='bbox 1056 1813 1170 1881; x_wconf 87' lang='lat' dir='ltr'><strong>fundo</strong></span> <span class='ocrx_word' id='word_1_110' title='bbox 1194 1817 1383 1902; x_wconf 88' lang='lat' dir='ltr'><strong>cernitur,</strong></span> <span class='ocrx_word' id='word_1_111' title='bbox 1435 1801 1566 1907; x_wconf 76' lang='lat' dir='ltr'><strong>pistilli</strong></span> <span class='ocrx_word' id='word_1_112' title='bbox 1591 1816 1814 1908; x_wconf 78' lang='lat' dir='ltr'><strong>pneumatici</strong></span> 
     </span>
     <span class='ocr_line' id='line_1_13' title="bbox 124 1933 1813 2026; baseline -0.005 -17"><span class='ocrx_word' id='word_1_113' title='bbox 124 1944 166 2009; x_wconf 87' lang='lat' dir='ltr'><strong>in</strong></span> <span class='ocrx_word' id='word_1_114' title='bbox 192 1936 395 2025; x_wconf 87' lang='lat' dir='ltr'><strong>adsugendo</strong></span> <span class='ocrx_word' id='word_1_115' title='bbox 423 1940 463 2003; x_wconf 89' lang='lat' dir='ltr'><strong>et</strong></span> <span class='ocrx_word' id='word_1_116' title='bbox 488 1934 709 2002; x_wconf 88' lang='lat' dir='ltr'><strong>remittendo</strong></span> <span class='ocrx_word' id='word_1_117' title='bbox 736 1937 833 2002; x_wconf 92' lang='lat' dir='ltr'><strong>vices</strong></span> <span class='ocrx_word' id='word_1_118' title='bbox 860 1955 1015 2024; x_wconf 87' lang='lat' dir='ltr'><strong>gerens,</strong></span> <span class='ocrx_word' id='word_1_119' title='bbox 1045 1933 1360 2026; x_wconf 88' lang='lat' dir='ltr'><strong>hemisphaerica,</strong></span> <span class='ocrx_word' id='word_1_120' title='bbox 1389 1958 1478 2006; x_wconf 91' lang='lat' dir='ltr'><strong>arcu</strong></span> <span class='ocrx_word' id='word_1_121' title='bbox 1504 1935 1711 2006; x_wconf 89' lang='lat' dir='ltr'><strong>semilunari</strong></span> <span class='ocrx_word' id='word_1_122' title='bbox 1736 1954 1813 2002; x_wconf 86' lang='lat' dir='ltr'><strong>ser·</strong></span> 
     </span>
     <span class='ocr_line' id='line_1_14' title="bbox 124 2029 1890 2148; baseline -0.004 -18"><span class='ocrx_word' id='word_1_123' title='bbox 124 2067 211 2130; x_wconf 89' lang='lat' dir='ltr'><strong>rato</strong></span> <span class='ocrx_word' id='word_1_124' title='bbox 235 2058 384 2125; x_wconf 84' lang='lat' dir='ltr'><strong>dentata</strong></span> <span class='ocrx_word' id='word_1_125' title='bbox 409 2062 448 2124; x_wconf 84' lang='lat' dir='ltr'><strong>et</strong></span> <span class='ocrx_word' id='word_1_126' title='bbox 483 2054 623 2144; x_wconf 90' lang='lat' dir='ltr'><strong>papilla</strong></span> <span class='ocrx_word' id='word_1_127' title='bbox 660 2060 698 2124; x_wconf 91' lang='lat' dir='ltr'><strong>in</strong></span> <span class='ocrx_word' id='word_1_128' title='bbox 735 2062 863 2123; x_wconf 87' lang='lat' dir='ltr'><strong>centro</strong></span> <span class='ocrx_word' id='word_1_129' title='bbox 889 2059 1067 2125; x_wconf 88' lang='lat' dir='ltr'><strong>instructa</strong></span> <span class='ocrx_word' id='word_1_130' title='bbox 1106 2055 1162 2147; x_wconf 83' lang='lat' dir='ltr'><strong>(h)</strong></span> <span class='ocrx_word' id='word_1_131' title='bbox 1199 2058 1308 2125; x_wconf 87' lang='lat' dir='ltr'><strong>Labio</strong></span> <span class='ocrx_word' id='word_1_132' title='bbox 1348 2057 1509 2148; x_wconf 88' lang='lat' dir='ltr'><strong>scopulis</strong></span> <span class='ocrx_word' id='word_1_133' title='bbox 1547 2057 1660 2124; x_wconf 85' lang='lat' dir='ltr'><strong>affixo</strong></span> <span class='ocrx_word' id='word_1_134' title='bbox 1686 2063 1726 2123; x_wconf 91' lang='lat' dir='ltr'><strong>et</strong></span> <span class='ocrx_word' id='word_1_135' title='bbox 1750 2029 1817 2125; x_wconf 84' lang='lat' dir='ltr'><strong>ore</strong></span> <span class='ocrx_word' id='word_1_136' title='bbox 1887 2117 1890 2123; x_wconf 88' lang='lat'><em>.</em></span> 
     </span>
     <span class='ocr_line' id='line_1_15' title="bbox 117 2174 1816 2271; baseline -0.005 -19"><span class='ocrx_word' id='word_1_137' title='bbox 117 2182 367 2271; x_wconf 81' lang='lat' dir='ltr'><strong>clausosque</strong></span> <span class='ocrx_word' id='word_1_138' title='bbox 391 2177 519 2245; x_wconf 89' lang='lat' dir='ltr'><strong>hausta</strong></span> <span class='ocrx_word' id='word_1_139' title='bbox 532 2223 548 2263; x_wconf 92' lang='lat'><strong>,</strong></span> <span class='ocrx_word' id='word_1_140' title='bbox 572 2174 758 2245; x_wconf 85' lang='lat' dir='ltr'><strong>iunctione</strong></span> <span class='ocrx_word' id='word_1_141' title='bbox 782 2181 1032 2267; x_wconf 84' lang='lat' dir='ltr'><strong>respirationis</strong></span> <span class='ocrx_word' id='word_1_142' title='bbox 1058 2185 1221 2266; x_wconf 90' lang='lat' dir='ltr'><strong>peracta,</strong></span> <span class='ocrx_word' id='word_1_143' title='bbox 1250 2199 1317 2270; x_wconf 91' lang='lat' dir='ltr'><strong>per</strong></span> <span class='ocrx_word' id='word_1_144' title='bbox 1343 2179 1502 2247; x_wconf 85' lang='lat' dir='ltr'><strong>fistulam</strong></span> <span class='ocrx_word' id='word_1_145' title='bbox 1530 2178 1588 2266; x_wconf 88' lang='lat' dir='ltr'><strong>(u)</strong></span> <span class='ocrx_word' id='word_1_146' title='bbox 1613 2182 1651 2244; x_wconf 89' lang='lat' dir='ltr'><strong>in</strong></span> <span class='ocrx_word' id='word_1_147' title='bbox 1674 2179 1816 2246; x_wconf 87' lang='lat' dir='ltr'><strong>vertice</strong></span> 
     </span>
     <span class='ocr_line' id='line_1_16' title="bbox 113 2295 1812 2389; baseline -0.004 -18"><span class='ocrx_word' id='word_1_148' title='bbox 113 2323 223 2371; x_wconf 86' lang='lat' dir='ltr'><strong>more</strong></span> <span class='ocrx_word' id='word_1_149' title='bbox 237 2301 477 2369; x_wconf 89' lang='lat' dir='ltr'><strong>Balaenarum</strong></span> <span class='ocrx_word' id='word_1_150' title='bbox 488 2301 620 2366; x_wconf 84' lang='lat' dir='ltr'><strong>iterum</strong></span> <span class='ocrx_word' id='word_1_151' title='bbox 641 2300 814 2366; x_wconf 89' lang='lat' dir='ltr'><strong>reiicitur.</strong></span> <span class='ocrx_word' id='word_1_152' title='bbox 861 2295 954 2367; x_wconf 83' lang='lat' dir='ltr'><strong>Anus</strong></span> <span class='ocrx_word' id='word_1_153' title='bbox 981 2296 1072 2386; x_wconf 83' lang='lat' dir='ltr'><strong>(Fig.</strong></span> <span class='ocrx_word' id='word_1_154' title='bbox 1105 2321 1136 2366; x_wconf 86' lang='lat'><strong>1.</strong></span> <span class='ocrx_word' id='word_1_155' title='bbox 1164 2300 1210 2388; x_wconf 88' lang='lat' dir='ltr'><strong>c.)</strong></span> <span class='ocrx_word' id='word_1_156' title='bbox 1238 2303 1365 2367; x_wconf 92' lang='lat' dir='ltr'><strong>conico</strong></span> <span class='ocrx_word' id='word_1_157' title='bbox 1394 2299 1583 2389; x_wconf 89' lang='lat' dir='ltr'><strong>papillaris</strong></span> <span class='ocrx_word' id='word_1_158' title='bbox 1601 2297 1812 2366; x_wconf 85' lang='lat' dir='ltr'><strong>adcaudam</strong></span> 
     </span>
     <span class='ocr_line' id='line_1_17' title="bbox 117 2418 1819 2515; baseline -0.005 -21"><span class='ocrx_word' id='word_1_159' title='bbox 117 2427 413 2515; x_wconf 85' lang='lat' dir='ltr'><strong>approximatus,</strong></span> <span class='ocrx_word' id='word_1_160' title='bbox 443 2418 509 2487; x_wconf 89' lang='lat' dir='ltr'><strong>sub</strong></span> <span class='ocrx_word' id='word_1_161' title='bbox 534 2422 640 2488; x_wconf 89' lang='lat' dir='ltr'><strong>initio</strong></span> <span class='ocrx_word' id='word_1_162' title='bbox 666 2422 798 2508; x_wconf 89' lang='lat' dir='ltr'><strong>pinnae</strong></span> <span class='ocrx_word' id='word_1_163' title='bbox 824 2419 978 2488; x_wconf 89' lang='lat' dir='ltr'><strong>dorsalis</strong></span> <span class='ocrx_word' id='word_1_164' title='bbox 1003 2422 1240 2510; x_wconf 86' lang='lat' dir='ltr'><strong>posterioris,</strong></span> <span class='ocrx_word' id='word_1_165' title='bbox 1268 2427 1436 2508; x_wconf 88' lang='lat' dir='ltr'><strong>quartam</strong></span> <span class='ocrx_word' id='word_1_166' title='bbox 1461 2419 1701 2510; x_wconf 81' lang='lat' dir='ltr'><strong>longitudinis</strong></span> <span class='ocrx_word' id='word_1_167' title='bbox 1730 2437 1819 2507; x_wconf 89' lang='lat' dir='ltr'><strong>par·</strong></span> 
     </span>
     <span class='ocr_line' id='line_1_18' title="bbox 115 2523 633 2635; baseline -0.015 -20"><span class='ocrx_word' id='word_1_168' title='bbox 115 2554 198 2615; x_wconf 86' lang='lat' dir='ltr'><strong>tem</strong></span> <span class='ocrx_word' id='word_1_169' title='bbox 222 2548 332 2635; x_wconf 87' lang='lat' dir='ltr'><strong>piscis</strong></span> <span class='ocrx_word' id='word_1_170' title='bbox 360 2547 529 2631; x_wconf 90' lang='lat' dir='ltr'><strong>occupat.</strong></span> <span class='ocrx_word' id='word_1_171' title='bbox 630 2523 633 2538; x_wconf 74' lang='lat'>&#39;</span> 
     </span>
    </p>

    <p class='ocr_par' dir='ltr' id='par_1_4' title="bbox 226 2658 1812 2754">
     <span class='ocr_line' id='line_1_19' title="bbox 226 2658 1812 2754; baseline -0.003 -21"><span class='ocrx_word' id='word_1_172' title='bbox 226 2658 328 2734; x_wconf 83' lang='lat' dir='ltr'><strong>Pinna</strong></span> <span class='ocrx_word' id='word_1_173' title='bbox 352 2664 437 2732; x_wconf 77' lang='lat' dir='ltr'><strong>dorsi</strong></span> <span class='ocrx_word' id='word_1_174' title='bbox 462 2660 605 2732; x_wconf 82' lang='lat' dir='ltr'><strong>anterior</strong></span> <span class='ocrx_word' id='word_1_175' title='bbox 651 2663 893 2753; x_wconf 88' lang='lat' dir='ltr'><strong>obtusangulo</strong></span> <span class='ocrx_word' id='word_1_176' title='bbox 907 2665 1128 2733; x_wconf 90' lang='lat' dir='ltr'><strong>-rotundata</strong></span> <span class='ocrx_word' id='word_1_177' title='bbox 1180 2685 1304 2733; x_wconf 86' lang='lat' dir='ltr'><strong>versus</strong></span> <span class='ocrx_word' id='word_1_178' title='bbox 1341 2664 1531 2733; x_wconf 90' lang='lat' dir='ltr'><strong>dimidium</strong></span> <span class='ocrx_word' id='word_1_179' title='bbox 1570 2663 1812 2754; x_wconf 79' lang='lat' dir='ltr'><strong>longitudinis</strong></span> 
     </span>
    </p>
   </div>
   <div class='ocr_carea' id='block_1_3' title="bbox 115 2781 1939 2878">
    <p class='ocr_par' dir='ltr' id='par_1_5' title="bbox 115 2781 1939 2878">
     <span class='ocr_line' id='line_1_20' title="bbox 115 2781 1939 2878; baseline -0.004 -20"><span class='ocrx_word' id='word_1_180' title='bbox 115 2791 288 2878; x_wconf 87' lang='lat' dir='ltr'><strong>corporis</strong></span> <span class='ocrx_word' id='word_1_181' title='bbox 313 2789 443 2874; x_wconf 90' lang='lat' dir='ltr'><strong>incipit</strong></span> <span class='ocrx_word' id='word_1_182' title='bbox 471 2787 670 2872; x_wconf 84' lang='lat' dir='ltr'><strong>virescens,</strong></span> <span class='ocrx_word' id='word_1_183' title='bbox 697 2787 831 2855; x_wconf 83' lang='lat' dir='ltr'><strong>dorsalis</strong></span> <span class='ocrx_word' id='word_1_184' title='bbox 853 2786 1009 2877; x_wconf 83' lang='lat' dir='ltr'><strong>posterior</strong></span> <span class='ocrx_word' id='word_1_185' title='bbox 1032 2786 1142 2854; x_wconf 90' lang='lat' dir='ltr'><strong>latior</strong></span> <span class='ocrx_word' id='word_1_186' title='bbox 1166 2786 1288 2853; x_wconf 90' lang='lat' dir='ltr'><strong>medio</strong></span> <span class='ocrx_word' id='word_1_187' title='bbox 1313 2785 1490 2855; x_wconf 80' lang='lat' dir='ltr'><strong>latissima</strong></span> <span class='ocrx_word' id='word_1_188' title='bbox 1515 2786 1648 2855; x_wconf 90' lang='lat' dir='ltr'><strong>obtuso</strong></span> <span class='ocrx_word' id='word_1_189' title='bbox 1675 2781 1810 2873; x_wconf 90' lang='lat' dir='ltr'><strong>angulo</strong></span> <span class='ocrx_word' id='word_1_190' title='bbox 1934 2819 1939 2828; x_wconf 85' lang='lat'>.</span> 
     </span>
    </p>
   </div>
   <div class='ocr_carea' id='block_1_4' title="bbox 24 2900 1817 3830">
    <p class='ocr_par' dir='ltr' id='par_1_6' title="bbox 24 2900 1817 3242">
     <span class='ocr_line' id='line_1_21' title="bbox 115 2900 1817 2998; baseline -0.003 -20"><span class='ocrx_word' id='word_1_191' title='bbox 115 2913 306 2998; x_wconf 81' lang='lat' dir='ltr'><strong>nigrescit.</strong></span> <span class='ocrx_word' id='word_1_192' title='bbox 358 2900 460 2976; x_wconf 80' lang='lat' dir='ltr'><strong>Pinna</strong></span> <span class='ocrx_word' id='word_1_193' title='bbox 486 2907 625 2974; x_wconf 79' lang='lat' dir='ltr'><strong>sandalis</strong></span> <span class='ocrx_word' id='word_1_194' title='bbox 648 2905 862 2974; x_wconf 85' lang='lat' dir='ltr'><strong>brevissima</strong></span> <span class='ocrx_word' id='word_1_195' title='bbox 899 2913 1069 2975; x_wconf 89' lang='lat' dir='ltr'><strong>truncato</strong></span> <span class='ocrx_word' id='word_1_196' title='bbox 1110 2906 1316 2975; x_wconf 82' lang='lat' dir='ltr'><strong>lanceolata</strong></span> <span class='ocrx_word' id='word_1_197' title='bbox 1352 2911 1553 2997; x_wconf 88' lang='lat' dir='ltr'><strong>evestigio</strong></span> <span class='ocrx_word' id='word_1_198' title='bbox 1579 2906 1709 2975; x_wconf 89' lang='lat' dir='ltr'><strong>lineari</strong></span> <span class='ocrx_word' id='word_1_199' title='bbox 1734 2904 1817 2996; x_wconf 89' lang='lat' dir='ltr'><strong>pul·</strong></span> 
     </span>
     <span class='ocr_line' id='line_1_22' title="bbox 24 3015 1815 3118; baseline -0.002 -18"><span class='ocrx_word' id='word_1_200' title='bbox 24 3015 28 3025; x_wconf 64' lang='grc'><strong><em>’</em></strong></span> <span class='ocrx_word' id='word_1_201' title='bbox 116 3034 250 3100; x_wconf 89' lang='lat' dir='ltr'><strong>vinato</strong></span> <span class='ocrx_word' id='word_1_202' title='bbox 267 3031 510 3098; x_wconf 89' lang='lat' dir='ltr'><strong>·rubescente</strong></span> <span class='ocrx_word' id='word_1_203' title='bbox 536 3027 650 3094; x_wconf 90' lang='lat' dir='ltr'><strong>analis</strong></span> <span class='ocrx_word' id='word_1_204' title='bbox 687 3027 733 3095; x_wconf 93' lang='lat' dir='ltr'><strong>ab</strong></span> <span class='ocrx_word' id='word_1_205' title='bbox 769 3049 839 3098; x_wconf 87' lang='lat' dir='ltr'><strong>ano</strong></span> <span class='ocrx_word' id='word_1_206' title='bbox 873 3028 920 3097; x_wconf 89' lang='lat' dir='ltr'><strong>ad</strong></span> <span class='ocrx_word' id='word_1_207' title='bbox 957 3026 1111 3097; x_wconf 88' lang='lat' dir='ltr'><strong>caudam</strong></span> <span class='ocrx_word' id='word_1_208' title='bbox 1147 3049 1262 3118; x_wconf 87' lang='lat' dir='ltr'><strong>usque</strong></span> <span class='ocrx_word' id='word_1_209' title='bbox 1289 3028 1531 3097; x_wconf 87' lang='lat' dir='ltr'><strong>descendente</strong></span> <span class='ocrx_word' id='word_1_210' title='bbox 1557 3036 1640 3098; x_wconf 87' lang='lat' dir='ltr'><strong>orta</strong></span> <span class='ocrx_word' id='word_1_211' title='bbox 1665 3034 1704 3097; x_wconf 86' lang='lat' dir='ltr'><strong>et</strong></span> <span class='ocrx_word' id='word_1_212' title='bbox 1729 3049 1815 3098; x_wconf 89' lang='lat' dir='ltr'><strong>cum</strong></span> 
     </span>
     <span class='ocr_line' id='line_1_23' title="bbox 118 3149 727 3242; baseline -0.003 -21"><span class='ocrx_word' id='word_1_213' title='bbox 118 3151 262 3221; x_wconf 84' lang='lat' dir='ltr'><strong>dorsali</strong></span> <span class='ocrx_word' id='word_1_214' title='bbox 289 3153 485 3242; x_wconf 85' lang='lat' dir='ltr'><strong>posteriori</strong></span> <span class='ocrx_word' id='word_1_215' title='bbox 511 3149 727 3218; x_wconf 85' lang='lat' dir='ltr'><strong>coadunata.</strong></span> 
     </span>
    </p>

    <p class='ocr_par' dir='ltr' id='par_1_7' title="bbox 114 3269 1816 3830">
     <span class='ocr_line' id='line_1_24' title="bbox 225 3269 1811 3363; baseline -0.001 -21"><span class='ocrx_word' id='word_1_216' title='bbox 225 3273 507 3342; x_wconf 86' lang='lat' dir='ltr'><strong>Observationes</strong></span> <span class='ocrx_word' id='word_1_217' title='bbox 531 3270 576 3337; x_wconf 91' lang='lat' dir='ltr'><strong>de</strong></span> <span class='ocrx_word' id='word_1_218' title='bbox 602 3271 741 3360; x_wconf 91' lang='lat' dir='ltr'><strong>porulis</strong></span> <span class='ocrx_word' id='word_1_219' title='bbox 768 3271 978 3357; x_wconf 86' lang='lat' dir='ltr'><strong>muciferis,</strong></span> <span class='ocrx_word' id='word_1_220' title='bbox 1032 3269 1222 3362; x_wconf 88' lang='lat' dir='ltr'><strong>spiraculis</strong></span> <span class='ocrx_word' id='word_1_221' title='bbox 1247 3274 1417 3363; x_wconf 87' lang='lat' dir='ltr'><strong>utrinque</strong></span> <span class='ocrx_word' id='word_1_222' title='bbox 1444 3275 1604 3362; x_wconf 87' lang='lat' dir='ltr'><strong>septenis</strong></span> <span class='ocrx_word' id='word_1_223' title='bbox 1631 3278 1671 3341; x_wconf 90' lang='lat' dir='ltr'><strong>et</strong></span> <span class='ocrx_word' id='word_1_224' title='bbox 1696 3274 1811 3343; x_wconf 86' lang='lat' dir='ltr'><strong>inter·</strong></span> 
     </span>
     <span class='ocr_line' id='line_1_25' title="bbox 114 3388 1816 3486; baseline -0.003 -20"><span class='ocrx_word' id='word_1_225' title='bbox 114 3401 177 3467; x_wconf 86' lang='lat' dir='ltr'><strong>nis</strong></span> <span class='ocrx_word' id='word_1_226' title='bbox 203 3397 452 3484; x_wconf 86' lang='lat' dir='ltr'><strong>respirationis</strong></span> <span class='ocrx_word' id='word_1_227' title='bbox 479 3394 623 3480; x_wconf 84' lang='lat' dir='ltr'><strong>organis</strong></span> <span class='ocrx_word' id='word_1_228' title='bbox 651 3388 754 3486; x_wconf 85' lang='lat' dir='ltr'><strong>hujus</strong></span> <span class='ocrx_word' id='word_1_229' title='bbox 779 3398 914 3484; x_wconf 89' lang='lat' dir='ltr'><strong>speciei</strong></span> <span class='ocrx_word' id='word_1_230' title='bbox 943 3411 1027 3461; x_wconf 93' lang='lat' dir='ltr'><strong>cum</strong></span> <span class='ocrx_word' id='word_1_231' title='bbox 1051 3393 1192 3460; x_wconf 83' lang='lat' dir='ltr'><strong>adnexa</strong></span> <span class='ocrx_word' id='word_1_232' title='bbox 1216 3389 1342 3462; x_wconf 83' lang='lat' dir='ltr'><strong>Stelleri</strong></span> <span class='ocrx_word' id='word_1_233' title='bbox 1365 3389 1582 3462; x_wconf 87' lang='lat' dir='ltr'><strong>immortalis</strong></span> <span class='ocrx_word' id='word_1_234' title='bbox 1602 3398 1816 3484; x_wconf 86' lang='lat' dir='ltr'><strong>Lampetrae</strong></span> 
     </span>
     <span class='ocr_line' id='line_1_26' title="bbox 117 3511 1815 3605; baseline -0.005 -18"><span class='ocrx_word' id='word_1_235' title='bbox 117 3520 336 3605; x_wconf 83' lang='lat' dir='ltr'><strong>variegatae</strong></span> <span class='ocrx_word' id='word_1_236' title='bbox 360 3511 646 3586; x_wconf 86' lang='lat' dir='ltr'><strong>Csmtschaticae</strong></span> <span class='ocrx_word' id='word_1_237' title='bbox 685 3515 930 3605; x_wconf 88' lang='lat' dir='ltr'><strong>descriptione</strong></span> <span class='ocrx_word' id='word_1_238' title='bbox 968 3536 1017 3582; x_wconf 83' lang='lat' dir='ltr'><strong>ex</strong></span> <span class='ocrx_word' id='word_1_239' title='bbox 1055 3512 1216 3603; x_wconf 86' lang='lat' dir='ltr'><strong>allegato</strong></span> <span class='ocrx_word' id='word_1_240' title='bbox 1241 3513 1435 3584; x_wconf 82' lang='lat' dir='ltr'><strong>Volumina</strong></span> <span class='ocrx_word' id='word_1_241' title='bbox 1459 3517 1560 3580; x_wconf 85' lang='lat' dir='ltr'><strong>111tio</strong></span> <span class='ocrx_word' id='word_1_242' title='bbox 1590 3517 1745 3583; x_wconf 83' lang='lat' dir='ltr'><strong>Memoir</strong></span> <span class='ocrx_word' id='word_1_243' title='bbox 1768 3513 1815 3582; x_wconf 85' lang='lat' dir='ltr'><strong>de</strong></span> 
     </span>
     <span class='ocr_line' id='line_1_27' title="bbox 116 3632 1814 3731; baseline -0.001 -23"><span class='ocrx_word' id='word_1_244' title='bbox 116 3637 266 3708; x_wconf 81' lang='lat' dir='ltr'><strong>l’Acad.</strong></span> <span class='ocrx_word' id='word_1_245' title='bbox 294 3643 383 3729; x_wconf 87' lang='lat' dir='ltr'><strong>imp.</strong></span> <span class='ocrx_word' id='word_1_246' title='bbox 411 3634 476 3703; x_wconf 90' lang='lat' dir='ltr'><strong>des</strong></span> <span class='ocrx_word' id='word_1_247' title='bbox 504 3654 555 3703; x_wconf 89' lang='lat' dir='ltr'><strong>sc.</strong></span> <span class='ocrx_word' id='word_1_248' title='bbox 585 3632 630 3702; x_wconf 91' lang='lat' dir='ltr'><strong>de</strong></span> <span class='ocrx_word' id='word_1_249' title='bbox 657 3638 709 3707; x_wconf 90' lang='lat' dir='ltr'><strong>St.</strong></span> <span class='ocrx_word' id='word_1_250' title='bbox 750 3637 912 3706; x_wconf 83' lang='lat' dir='ltr'><strong>Petersb.</strong></span> <span class='ocrx_word' id='word_1_251' title='bbox 959 3633 1068 3708; x_wconf 79' lang='lat'>1811.</span> <span class='ocrx_word' id='word_1_252' title='bbox 1095 3657 1177 3726; x_wconf 85' lang='lat' dir='ltr'><strong>pag.</strong></span> <span class='ocrx_word' id='word_1_253' title='bbox 1206 3641 1293 3731; x_wconf 78' lang='lat'><strong>247.</strong></span> <span class='ocrx_word' id='word_1_254' title='bbox 1320 3639 1401 3728; x_wconf 86' lang='lat' dir='ltr'><strong>ipso</strong></span> <span class='ocrx_word' id='word_1_255' title='bbox 1430 3658 1574 3726; x_wconf 88' lang='lat' dir='ltr'><strong>prorsus</strong></span> <span class='ocrx_word' id='word_1_256' title='bbox 1600 3656 1814 3729; x_wconf 88' lang='lat' dir='ltr'><strong>comparan-</strong></span> 
     </span>
     <span class='ocr_line' id='line_1_28' title="bbox 119 3761 317 3830; baseline -0.025 0"><span class='ocrx_word' id='word_1_257' title='bbox 119 3761 196 3830; x_wconf 89' lang='lat' dir='ltr'><strong>dae</strong></span> <span class='ocrx_word' id='word_1_258' title='bbox 221 3764 317 3828; x_wconf 87' lang='lat' dir='ltr'><strong>sunt.</strong></span> 
     </span>
    </p>
   </div>
   <div class='ocr_carea' id='block_1_5' title="bbox 159 3942 1772 4062">
    <p class='ocr_par' dir='ltr' id='par_1_8' title="bbox 159 3942 1772 4062">
     <span class='ocr_line' id='line_1_29' title="bbox 159 3942 1772 4062; baseline -0.004 -21"><span class='ocrx_word' id='word_1_259' title='bbox 159 3948 245 4041; x_wconf 76' lang='lat'><strong>68.</strong></span> <span class='ocrx_word' id='word_1_260' title='bbox 291 3946 874 4040; x_wconf 82' lang='lat' dir='ltr'>PETROMYZON</span> <span class='ocrx_word' id='word_1_261' title='bbox 919 3947 1284 4038; x_wconf 71' lang='lat' dir='ltr'><strong>inmorientis,</strong></span> <span class='ocrx_word' id='word_1_262' title='bbox 1334 3947 1467 4037; x_wconf 86' lang='lat' dir='ltr'><em>TAB.</em></span> <span class='ocrx_word' id='word_1_263' title='bbox 1505 3947 1567 4036; x_wconf 91' lang='lat' dir='ltr'><strong>X.</strong></span> <span class='ocrx_word' id='word_1_264' title='bbox 1599 3942 1684 4062; x_wconf 80' lang='lat' dir='ltr'><strong>fig.</strong></span> <span class='ocrx_word' id='word_1_265' title='bbox 1726 3973 1772 4038; x_wconf 86' lang='lat'><strong>1.</strong></span> 
     </span>
    </p>
   </div>
   <div class='ocr_carea' id='block_1_6' title="bbox 103 4086 1813 4946">
    <p class='ocr_par' dir='ltr' id='par_1_9' title="bbox 262 4086 1813 4210">
     <span class='ocr_line' id='line_1_30' title="bbox 262 4086 1813 4210; baseline -0.003 -33"><span class='ocrx_word' id='word_1_266' title='bbox 262 4097 308 4177; x_wconf 92' lang='grc' dir='ltr'><strong>Ρ.</strong></span> <span class='ocrx_word' id='word_1_267' title='bbox 324 4120 397 4176; x_wconf 87' lang='lat' dir='ltr'><strong>ore</strong></span> <span class='ocrx_word' id='word_1_268' title='bbox 426 4090 605 4206; x_wconf 86' lang='lat' dir='ltr'><strong>integro,</strong></span> <span class='ocrx_word' id='word_1_269' title='bbox 633 4092 764 4210; x_wconf 90' lang='lat' dir='ltr'><strong>pinna</strong></span> <span class='ocrx_word' id='word_1_270' title='bbox 778 4092 893 4179; x_wconf 89' lang='lat' dir='ltr'><strong>dorsi</strong></span> <span class='ocrx_word' id='word_1_271' title='bbox 920 4093 1087 4178; x_wconf 85' lang='lat' dir='ltr'><strong>caudae.</strong></span> <span class='ocrx_word' id='word_1_272' title='bbox 1107 4088 1321 4192; x_wconf 74' lang='lat' dir='ltr'><strong>continua,</strong></span> <span class='ocrx_word' id='word_1_273' title='bbox 1351 4087 1487 4175; x_wconf 86' lang='lat' dir='ltr'><strong>oculis</strong></span> <span class='ocrx_word' id='word_1_274' title='bbox 1513 4086 1813 4204; x_wconf 64' lang='lat' dir='ltr'><strong>inconspicuis,</strong></span> 
     </span>
    </p>

    <p class='ocr_par' dir='ltr' id='par_1_10' title="bbox 233 4240 805 4366">
     <span class='ocr_line' id='line_1_31' title="bbox 233 4240 805 4366; baseline 0.005 -36"><span class='ocrx_word' id='word_1_275' title='bbox 233 4241 378 4330; x_wconf 85' lang='lat' dir='ltr'><strong>Rossis</strong></span> <span class='ocrx_word' id='word_1_276' title='bbox 407 4240 454 4327; x_wconf 87' lang='lat' dir='ltr'><strong>in</strong></span> <span class='ocrx_word' id='word_1_277' title='bbox 483 4243 638 4329; x_wconf 84' lang='lat' dir='ltr'><strong>Sibiria</strong></span> <span class='ocrx_word' id='word_1_278' title='bbox 673 4247 805 4366; x_wconf 70' lang='lat' dir='ltr'><strong>ll&#39;jun.</strong></span> 
     </span>
    </p>

    <p class='ocr_par' dir='ltr' id='par_1_11' title="bbox 235 4393 823 4486">
     <span class='ocr_line' id='line_1_32' title="bbox 235 4393 823 4486; baseline 0.009 -5"><span class='ocrx_word' id='word_1_279' title='bbox 235 4393 570 4481; x_wconf 84' lang='lat' dir='ltr'><strong>Camtschadalis</strong></span> <span class='ocrx_word' id='word_1_280' title='bbox 597 4401 823 4486; x_wconf 82' lang='lat' dir='ltr'><strong>Kanaisclr.</strong></span> 
     </span>
    </p>

    <p class='ocr_par' dir='ltr' id='par_1_12' title="bbox 103 4541 1812 4946">
     <span class='ocr_line' id='line_1_33' title="bbox 259 4541 1812 4656; baseline 0.001 -27"><span class='ocrx_word' id='word_1_281' title='bbox 259 4552 310 4629; x_wconf 90' lang='lat' dir='ltr'><strong>In</strong></span> <span class='ocrx_word' id='word_1_282' title='bbox 336 4545 504 4632; x_wconf 83' lang='lat' dir='ltr'><strong>ienisea</strong></span> <span class='ocrx_word' id='word_1_283' title='bbox 543 4549 672 4636; x_wconf 85' lang='lat' dir='ltr'><strong>fluvio</strong></span> <span class='ocrx_word' id='word_1_284' title='bbox 713 4581 738 4634; x_wconf 88' lang='lat' dir='ltr'><strong>a</strong></span> <span class='ocrx_word' id='word_1_285' title='bbox 778 4579 847 4635; x_wconf 87' lang='lat' dir='ltr'><strong>me</strong></span> <span class='ocrx_word' id='word_1_286' title='bbox 887 4550 1134 4656; x_wconf 74' lang='lat' dir='ltr'><strong>observato,</strong></span> <span class='ocrx_word' id='word_1_287' title='bbox 1192 4570 1237 4635; x_wconf 92' lang='lat' dir='ltr'><strong>et</strong></span> <span class='ocrx_word' id='word_1_288' title='bbox 1274 4547 1482 4634; x_wconf 86' lang='lat' dir='ltr'><strong>iterume</strong></span> <span class='ocrx_word' id='word_1_289' title='bbox 1516 4541 1812 4636; x_wconf 86' lang='lat' dir='ltr'><strong>Camtsohatca</strong></span> 
     </span>
     <span class='ocr_line' id='line_1_34' title="bbox 110 4696 1812 4819; baseline -0.005 -25"><span class='ocrx_word' id='word_1_290' title='bbox 110 4705 267 4805; x_wconf 87' lang='lat' dir='ltr'><strong>missa,</strong></span> <span class='ocrx_word' id='word_1_291' title='bbox 309 4697 386 4782; x_wconf 90' lang='lat' dir='ltr'><strong>ubi</strong></span> <span class='ocrx_word' id='word_1_292' title='bbox 412 4698 459 4783; x_wconf 88' lang='lat' dir='ltr'><strong>in</strong></span> <span class='ocrx_word' id='word_1_293' title='bbox 488 4700 681 4787; x_wconf 89' lang='lat' dir='ltr'><strong>omnibus</strong></span> <span class='ocrx_word' id='word_1_294' title='bbox 708 4701 849 4787; x_wconf 87' lang='lat' dir='ltr'><strong>fluviis</strong></span> <span class='ocrx_word' id='word_1_295' title='bbox 877 4726 921 4789; x_wconf 87' lang='lat' dir='ltr'><strong>et</strong></span> <span class='ocrx_word' id='word_1_296' title='bbox 948 4701 1051 4790; x_wconf 88' lang='lat' dir='ltr'><strong>rivis</strong></span> <span class='ocrx_word' id='word_1_297' title='bbox 1077 4703 1272 4819; x_wconf 83' lang='lat' dir='ltr'><strong>frequens</strong></span> <span class='ocrx_word' id='word_1_298' title='bbox 1299 4729 1390 4788; x_wconf 85' lang='lat' dir='ltr'><strong>esse</strong></span> <span class='ocrx_word' id='word_1_299' title='bbox 1416 4696 1695 4818; x_wconf 77' lang='lat' dir='ltr'><strong>perhibetu13</strong></span> <span class='ocrx_word' id='word_1_300' title='bbox 1758 4699 1812 4785; x_wconf 87' lang='lat' dir='ltr'><strong>ab</strong></span> 
     </span>
     <span class='ocr_line' id='line_1_35' title="bbox 103 4850 890 4946; baseline -0.006 0"><span class='ocrx_word' id='word_1_301' title='bbox 103 4852 271 4946; x_wconf 84' lang='lat' dir='ltr'><strong>incolis</strong></span> <span class='ocrx_word' id='word_1_302' title='bbox 299 4880 400 4942; x_wconf 79' lang='lat' dir='ltr'><strong>reno</strong></span> <span class='ocrx_word' id='word_1_303' title='bbox 432 4850 602 4941; x_wconf 89' lang='lat' dir='ltr'><strong>comedi</strong></span> <span class='ocrx_word' id='word_1_304' title='bbox 627 4850 744 4943; x_wconf 87' lang='lat' dir='ltr'><strong>haud</strong></span> <span class='ocrx_word' id='word_1_305' title='bbox 772 4853 890 4941; x_wconf 82' lang='lat' dir='ltr'><strong>solet</strong></span> 
     </span>
    </p>
   </div>
   <div class='ocr_carea' id='block_1_7' title="bbox 0 0 2207 5892">
    <p class='ocr_par' dir='ltr' id='par_1_13' title="bbox 0 0 2207 5892">
     <span class='ocr_line' id='line_1_36' title="bbox 0 0 2207 5892; baseline 0 0"><span class='ocrx_word' id='word_1_306' title='bbox 0 0 2207 5892; x_wconf 95' lang='lat' dir='ltr'><strong> </strong></span> 
     </span>
    </p>
   </div>
  </div>
 </body>
</html>
