4404 5902
1043 388 1192 445 a

688 629 802 734 178.
866 615 1144 713 PERCA
1196 612 1560 738 Lucioperco.
1714 744 1717 749 Ι

413 903 461 985 Ρ.
498 898 641 1016 pinnis
687 895 931 997 maculosis,
988 886 1220 978 dorsalibus
1262 882 1497 986 distinctis,
1553 877 1695 997 priora
1736 877 1872 995 spinis
1905 894 1963 985 14.

277 1048 473 1135 dentibus
499 1048 661 1136 caninis
690 1041 1041 1163 prominentibus.

495 1200 774 1314 Lucioperca,
837 1192 1057 1306 Willugbb.
1096 1192 1220 1275 icbtb.
1258 1220 1299 1304 p.
1330 1198 1422 1296 293.
1467 1182 1553 1270 tob.
1581 1183 1692 1287 ⁸¹4·
1746 1181 1843 1301 Raj.
1871 1211 1963 1294 syn.

550 1361 649 1465 pise.
680 1381 720 1463 p.
751 1359 815 1452 98.
845 1377 883 1429 η.
915 1364 979 1449 24.

490 1508 618 1587 Perea
647 1501 932 1612 Lucioperca‚
960 1499 1050 1579 Lin.
1077 1512 1183 1603 syst.
1211 1493 1307 1573 XII.
1338 1492 1371 1572 l.
1400 1520 1442 1605 p.
1471 1498 1569 1589 482.
1596 1517 1658 1598 sp.
1690 1518 1729 1572 s.

487 1657 617 1736 Perea
645 1647 774 1763 pinna
803 1646 874 1733 ani
902 1648 991 1731 rad.
1027 1663 1087 1751 ¹4·
1136 1646 1276 1727 Bloch.
1309 1650 1410 1753 pise.
1435 1668 1566 1751 germ.
1596 1641 1650 1722 Π.
1679 1671 1718 1751 ρ.
1747 1651 1816 1724 62.
1847 1669 1886 1722 n.
1925 1671 1962 1722 r.

548 1801 635 1886 tab.
666 1815 730 1886 51.
805 1820 808 1825 ’

380 1951 554 2039 Rossice
581 1952 720 2036 Sodali
750 1957 835 2065 (*);
878 1944 1119 2033 Malorossis
1147 1946 1259 2032 Sulis.

371 2107 542 2187 -Tataris
569 2104 676 2214 Syia
704 2104 834 2212 (unde
862 2096 1068 2212 Hungaris
1096 2098 1219 2208 Sylli.

378 2253 514 2338 Lettis
542 2255 691 2336 stallo
716 2251 785 2334 vel
813 2252 1019 2334 Sondohts
1047 2248 1154 2355 (fere
1184 2267 1231 2330 ut
1259 2248 1457 2330 German.
1485 2245 1705 2360 dandam).
1764 2243 1995 2333 Esthoni-

431 2404 508 2486 bus
537 2405 697 2486 Kobbo.
757 2399 940 2487 Ostiacis
972 2403 1064 2483 Lar.

377 2551 615 2639 Calmuccis
643 2556 855 2638 Botocboi.

404 2712 455 2786 ln
484 2702 622 2789 fluviis
650 2702 875 2814 majoribus
903 2730 1042 2786 versus
1078 2727 1193 2783 mare
1229 2696 1488 2804 balthicuru,
1540 2701 1742 2787 Paludem
1772 2702 1973 2789 Maeoti-

263 2853 387 2957 dem,
430 2860 610 2940 Pontum
638 2876 682 2938 et
710 2853 909 2967 Caspium
934 2853 1074 2936 lacum
1099 2827 1373 2944 tendentibus
1378 2912 1392 2950 ,
1432 2874 1479 2936 ut
1509 2851 1629 2953 etin
1661 2854 1827 2967 magnis
1855 2860 1973 2943 lior

264 3001 351 3085 siae
384 3023 438 3129 ¹et
473 3003 676 3090 Livoniae
718 3005 890 3089 lacubus
934 3000 1115 3117 vulgaris
1150 2998 1290 3115 piscis.
1364 3006 1414 3085 ln
1454 3003 1673 3089 Maeotide
1715 3026 1761 3088 et
1788 3006 1965 3123 Caspiis

264 3152 381 3266 aquis
407 3176 525 3241 tanta
554 3154 698 3272 copis,
724 3153 970 3272 praesertim
998 3155 1052 3237 ad
1080 3149 1343 3266 Bosphorum
1372 3150 1649 3238 Cimmerium
1679 3155 1874 3270 capitur,
1909 3178 1967 3243 ut

260 3304 416 3416 passim
447 3306 577 3392 etiam
613 3306 732 3421 plebi
772 3305 856 3390 sint
893 3303 1061 3404 taedio,
1119 3323 1163 3384 et
1201 3303 1253 3385 ad
1281 3303 1462 3417 Volgum
1490 3303 1774 3419 Caspiumque
1812 3309 1958 3395 lacum

260 3455 507 3566 praesertim
534 3461 836 3573 excoquendae
864 3451 1114 3571 pinguedini
1145 3452 1342 3536 serviant.
1402 3458 1537 3569 Saepe
1564 3455 1628 3540 ibi
1655 3458 1956 3572 magnitudine

261 3601 466 3718 tripedali
495 3630 616 3708 suut,
658 3611 711 3691 ad
741 3605 1004 3722 Bosphonsm
1030 3603 1269 3717 bipedales,
1313 3606 1388 3688 sed
1415 3603 1703 3718 pulcherrime
1735 3610 1960 3710 maculati,

260 3751 307 3836 in
337 3754 479 3868 pinnis
508 3756 708 3844 seriatim.
767 3757 969 3844 Omnium
995 3754 1041 3839 in
1070 3785 1125 3837 m.
1155 3754 1335 3867 Caspio,
1377 3755 1625 3868 praesertim
1655 3761 1708 3843 ad
1736 3761 1952 3872 persicum

260 3901 392 4008 littus,
421 3931 638 4023 captorum
666 3907 859 4022 piscium,
888 3904 1068 3990 Husonis
1095 3925 1256 3988 tantum
1287 3930 1331 3990 et
1358 3907 1639 4022 Luciopercae
1668 3939 1828 4011 carnes,
1860 3908 1952 3995 aeri

263 4056 483 4170 expositae
511 4061 557 4143 in
584 4059 772 4144 tenebris
800 4056 1191 4172 phosphorescunt;
1247 4055 1552 4144 Astrachanise
1578 4059 1710 4145 rarius
1737 4058 1824 4148 hoc
1850 4089 1948 4146 eve·

257 4204 347 4312 nit,
375 4206 521 4324 ibique
551 4208 715 4294 lucidos
743 4208 878 4324 pisces
905 4208 1074 4293 sanitati
1102 4212 1249 4294 obesse
1276 4210 1467 4294 credunt.

256 4449 737 4472 m

305 4606 362 4698 (‘)
387 4611 590 4677 Piscatores
617 4610 773 4692 Rossici,
824 4608 1018 4681 secundum
1051 4617 1208 4681 aetatem
1246 4620 1284 4682 et
1309 4610 1616 4700 magnitudinem,
1669 4619 1771 4682 varia
1793 4614 1942 4682 nomio·

377 4731 618 4818 Luciopercae
645 4728 856 4818 adplicant:
896 4731 1083 4822 bipedales
1110 4731 1315 4819 appellant,
1340 4729 1449 4800 Sudak
1463 4755 1478 4814 ,·
1519 4734 1710 4823 pedalibus
1737 4739 1798 4803 rix
1824 4735 1944 4821 majo⁶

373 4865 455 4937 res,
481 4845 681 4934 Scbibnuels3
709 4849 923 4942 subpedales
948 4849 1134 4934 Borkauik3
1175 4851 1409 4941 spithamalss
1432 4843 1613 4927 Garun.
