4404 5902
950 333 1102 392 ΕΞ
1801 346 1854 411 ar

311 540 483 623 Descr.
511 531 713 622 Omnium
739 530 989 620 nostratium
1016 532 1213 640 maxima,
1241 539 1377 650 major
1402 537 1604 657 cordyla,
1632 565 1676 629 et
1702 541 1855 632 habitu

169 687 314 775 media
342 688 456 772 inter
481 694 609 803 Sepes
638 711 682 772 et
711 688 931 801 Cordylos.
991 691 1128 803 Caput
1156 691 1308 788 breve,
1337 695 1653 803 subcordatum,
1691 700 1860 813 depres-

170 874 284 944 sum,
313 840 433 926 callis
462 840 795 935 multiformibus,
815 839 1017 925 convexis
1044 839 1247 925 confertis
1272 842 1480 950 obsitum,
1523 876 1701 962 quorum
1728 846 1858 935 series

168 995 369 1108 utrinque
397 991 529 1076 efficit
555 1002 722 1076 cristam
749 991 1062 1106 superciliarem
1101 1022 1174 1077 seu
1214 996 1515 1106 suggrundium
1560 1001 1779 1087 anaribus
1807 1003 1862 1086 ad

168 1145 378 1262 posticum
407 1143 522 1229 oculi
549 1151 751 1230 canthum
779 1145 1223 1259 prominentissimum.
1277 1148 1400 1233 Oculi
1419 1150 1635 1266 palpebris
1664 1183 1856 1240 verruco-

166 1299 225 1385 sis
252 1295 464 1383 clausiles.
512 1296 645 1381 Aures
673 1325 847 1410 magnae
875 1296 923 1381 in
948 1300 1056 1382 fossa
1084 1295 1272 1402 laterali,
1302 1328 1429 1411 quam
1456 1299 1726 1388 circumstant
1753 1304 1856 1391 calli

169 1448 377 1546 aculeati,
401 1448 446 1532 in
475 1480 606 1562 parva
632 1447 797 1561 agmina
827 1449 1024 1549 collecti;
1059 1451 1322 1564 Tymponum
1350 1455 1523 1539 nudum.
1578 1459 1724 1568 Rugoe
1751 1456 1856 1543 colli

166 1601 363 1687 laterales
407 1599 615 1684 similibus
655 1599 796 1701 callis,
855 1599 1009 1716 passim
1037 1600 1083 1685 in
1112 1602 1330 1686 tubercula
1371 1605 1582 1708 collectis,
1641 1606 1853 1698 muricati.

165 1759 328 1868 Corpus
354 1749 634 1836 ventricosum
647 1813 663 1851 ,
704 1751 904 1837 minutim
931 1754 1155 1858 callosum,
1186 1785 1307 1869 supra
1334 1756 1561 1868 squamulis
1588 1760 1854 1875 prominulis‚

163 1911 310 1992 subtus
349 1903 501 2020 planis.
569 1907 636 1988 Ad
676 1901 1002 2018 hypochond-ria
1045 1927 1198 1988 tractus
1241 1907 1325 1989 duo
1366 1908 1610 2007 transversi,
1667 1908 1853 2024 squamis

162 2056 373 2145 muricati.
432 2063 515 2141 Per
538 2055 725 2139 medium
754 2056 923 2139 dorsum
951 2089 973 2138 a
1001 2056 1183 2170 scapulis
1211 2059 1266 2140 ad
1291 2060 1479 2162 caudam,
1499 2065 1641 2169 fascio
1668 2061 1852 2175 longitu-

162 2211 554 2324 dinalisesquamis
581 2205 807 2319 majoribus
834 2206 1054 2309 confertis,
1086 2205 1434 2322 subhexangulis,
1464 2243 1610 2327 aspero
1637 2213 1850 2328 prominu-

163 2366 237 2468 lis,
279 2360 407 2447 duna.
477 2364 626 2459 Attus,
665 2360 909 2475 praesertim
936 2358 1209 2474 posteriores,
1263 2364 1475 2474 usquead
1504 2393 1682 2477 ungues,
1723 2397 1851 2480 supra

163 2513 360 2602 muricati
386 2513 569 2629 squamis
597 2509 821 2624 majoribus
847 2510 1050 2596 carinato-
1067 2511 1342 2615 mucronatis,
1374 2514 1603 2627 angulatim
1633 2515 1848 2620 confertis,

163 2670 305 2754 subtus
332 2666 515 2781 squamis
541 2661 685 2749 uestiti
711 2661 871 2777 planis,
930 2662 1263 2776 subaequalibus.
1334 2667 1482 2750 Coudo
1511 2665 1585 2778 (in
1614 2665 1850 2783 specimine

162 2844 358 2906 extremo
397 2823 571 2934 abrupta
610 2838 655 2901 et
693 2846 863 2900 verruca
900 2815 1102 2900 muricata
1129 2816 1413 2933 repullulans)
1455 2814 1627 2904 videtur
1662 2819 1849 2930 longitu-

162 2972 264 3058 dine
292 2969 501 3087 corporis,
528 3000 554 3054 e
579 2967 671 3056 basi
699 2999 832 3053 crassa
860 2971 1105 3071 adtenuata,
1133 2990 1381 3083 praeterque
1409 2970 1529 3056 basin
1557 2970 1724 3087 corpori
1751 3000 1848 3087 pro·

161 3124 344 3227 ximam,
398 3146 489 3208 tota
530 3122 781 3209 verticillata
822 3133 1005 3239 squamis
1043 3120 1232 3232 magnis,¹
1283 3148 1361 3234 per
1405 3125 1580 3207 annulos
1607 3120 1842 3236 dispositis,

158 3274 548 3394 prominentissimo
587 3304 785 3359 mucrone
826 3274 1082 3377 imbricatis,
1143 3300 1317 3386 quarum
1359 3306 1443 3379 29.·
1468 3274 1636 3358 ordines
1676 3295 1849 3387 praeter

159 3434 384 3545 abruptum
414 3428 590 3544 apicem.
647 3429 776 3513 Pedes
800 3425 1089 3542 pentadactyli
1116 3425 1318 3537 unguibus
1361 3424 1552 3528 aduncis,
1583 3425 1848 3542 compressis,

157 3586 302 3666 subtus
330 3582 502 3665 exoleto
531 3580 750 3667 dentittrlo
779 3580 957 3679 notatis3
986 3580 1156 3695 plantae
1185 3576 1333 3691 digitis
1362 3613 1399 3664 a.
1429 3576 1703 3696 longissimis,
1734 3580 1843 3665 inte·

155 3733 271 3819 riore
300 3737 352 3844 (s.
382 3734 559 3849 pollice)
585 3754 769 3835 remoto,
815 3732 1032 3817 distincto·
1102 3735 1227 3818 Color
1255 3762 1376 3847 supra
1405 3731 1573 3817 cinereo
1588 3732 1845 3839 -uirescens,

156 3885 338 3989 lividus,
394 3886 560 4000 punctis
601 3883 734 3999 nigris
772 3884 821 3968 in
863 3886 1038 3969 annulos
1077 3888 1245 3969 crebros
1285 3884 1458 3998 digestis
1500 3883 1755 3995 variegatus,
1793 3882 1843 3966 in

155 4039 299 4154 capite
340 4061 385 4123 et
426 4042 566 4123 subtus
606 4038 828 4123 lutescens.
899 4038 996 4151 (Sic
1035 4036 1082 4121 in
1122 4037 1286 4152 liquore
1331 4042 1537 4147 servato).
1607 4032 1844 4146 Largitudo

151 4190 295 4275 tnrnci
324 4194 411 4276 fere
440 4190 723 4288 dodrantalis3
753 4191 884 4276 cauda
911 4189 1250 4275 subdodrantalis
1854 4188 1861 4195 ’

340 4467 417 4555 18.
489 4455 892 4554 LACERTA
964 4461 1170 4553 aurita.
1217 4459 1349 4552 TAB.
1399 4458 1454 4548 V.
1483 4445 1571 4579 fig.
1612 4486 1665 4550 1.

294 4651 342 4732 L.
365 4650 497 4733 cauda
526 4646 830 4751 submuricata,
860 4647 944 4734 oris
973 4645 1134 4759 angulis
1161 4643 1207 4727 in
1238 4644 1409 4730 cristam
1439 4643 1842 4746 semiorbiculatam,

148 4799 356 4916 sanguine
384 4799 667 4909 dilatabile'm,
696 4798 884 4915 margine
913 4802 1125 4886 dentatam
1152 4794 1384 4913 productis.
