4404 5902
345 398 443 507 ,¹84
1121 408 1273 466 Ε

351 621 447 739 „ibi
473 615 642 736 recipit.
700 616 847 700 Locies
873 604 919 695 in
947 638 1063 696 mare
1093 606 1395 695 mesentoriolo
1429 607 1662 725 crispatae,
1692 609 1948 699 informem
1979 613 2065 701 cri·

352 798 474 883 „stae
504 771 791 871 cellulosue,“
831 796 957 887 quam
987 764 1171 849 Tilesius
1201 761 1450 872 (Memoires
1478 767 1532 850 de
1561 765 1724 850 l’Acad.
1754 770 1862 880 Imp.
1892 768 1972 853 des
2003 800 2068 857 sc.

351 931 406 1014 de
436 932 495 1011 St.
516 925 701 1008 Petersb.
732 926 852 1006 Tom.
874 927 929 1004 II.
967 927 1006 1002 T
1011 920 1076 1003 ab.
1101 923 1240 1000 XVII.
1271 919 1339 1030 lig.
1358 928 1416 1021 s.)
1447 917 1492 1001 in
1518 917 1712 1003 iconibus
1727 917 2068 1007 Camtschaticis

350 1078 551 1194 depinxit
584 1080 658 1186 (¹³).
730 1079 911 1173 „Vesica
938 1082 1099 1158 anemio
1128 1100 1204 1184 per
1231 1091 1367 1154 totum
1398 1072 1568 1154 dorsum
1596 1094 1794 1172 extensa,
1837 1073 1918 1156 sub
1947 1072 2071 1158 reni·

348 1237 460 1332 „bus
489 1233 632 1331 affixe,
663 1228 836 1330 villosa,
868 1225 1024 1341 glutini
1056 1248 1194 1340 apte„
1250 1227 1282 1308 S
1291 1229 1462 1309 telier.
1519 1214 2069 1341 Vertcbroe'spophysibus

348 1381 805 1490 „semicanaliculatis,
858 1380 1090 1495 productis.

826 1539 1126 1619 ,Anactorio
1168 1534 1407 1616 editoris.

452 1683 494 1743 In
519 1677 659 1746 ultimis
686 1681 784 1744 vitae
812 1695 902 1741 suae
931 1678 1095 1741 scientiis
1123 1673 1309 1759 proficuae
1335 1671 1462 1736 diebus
1489 1677 1619 1738 auctor
1643 1670 1907 1739 celeberrimus
1932 1676 1978 1740 irs
2004 1670 2072 1744 iit·

348 1804 438 1869 teris
466 1800 631 1887 pluribus
658 1797 816 1865 Berolini
844 1796 938 1861 datis
965 1794 1011 1859 ad
1039 1815 1096 1858 me
1122 1797 1240 1858 missis
1267 1795 1438 1881 scripsit,
1472 1814 1572 1877 eum,
1597 1814 1674 1881 quo
1699 1794 1836 1861 diutius
1863 1792 2071 1887 Wachnja·

347 1942 427 1988 rum
454 1940 615 1986 mearum
640 1923 763 1986 icones
791 1924 828 1984 et
856 1917 1122 2002 descriptiones
1149 1918 1380 1982 examinaret
1397 1935 1534 2003 eosque
1558 1935 1643 1982 cum
1669 1917 1869 2004 specimine
1897 1937 1971 1984 suo
1999 1938 2070 1985 ex·

348 2045 486 2110 slecato
514 2046 772 2129 compararet,
810 2059 858 2105 eo
889 2041 1025 2103 certius
1057 2056 1268 2125 persuasum
1295 2035 1363 2102 sibi
1397 2034 1553 2119 habere,
1584 2058 1682 2105 meas
1705 2044 1746 2104 et
1772 2040 1961 2127 imprimis
1989 2058 2070 2109 ma·

344 2161 604 2250 crocephalam
631 2183 651 2227 a
678 2181 742 2227 sus
769 2163 891 2249 specie
916 2179 997 2225 esse
1024 2157 1233 2235 diversam3
1258 2163 1425 2244 rogatum
1453 2162 1564 2246 Igitur
1589 2180 1647 2226 me
1669 2156 1804 2228 habere
1831 2158 1997 2247 voluit,
2024 2168 2069 2233 rt

344 2283 555 2352 Wachmias
581 2304 681 2349 mess
708 2281 893 2365 adderem,
920 2280 1047 2369 quod,
1075 2302 1158 2347 cum
1186 2283 1308 2346 icones
1335 2278 1600 2368 jam'sculptae
1625 2287 1665 2348 et
1688 2279 1965 2370 descriptiones
1991 2280 2071 2375 jan'

346 2409 385 2472 in
411 2411 513 2473 Actis
539 2407 745 2471 novissimis
771 2403 987 2469 academicis
1016 2406 1161 2491 Petrop.
1189 2406 1292 2466 Torn.
1322 2404 1367 2468 11.
1399 2400 1503 2489 prelo
1536 2400 1721 2490 subjectae
1745 2400 1865 2488 fuere,
1895 2424 1947 2472 eo
1973 2405 2064 2477 faci·

347 2525 420 2593 lius
448 2528 527 2594 fieri
554 2530 676 2615 potuit
690 2572 701 2609 ,
731 2531 814 2590 sunt
839 2527 950 2611 igitur
975 2530 1192 2610 sequentes:

351 2660 408 2744 W
410 2665 593 2777 ochnjo
621 2661 945 2755 Comtschotica,
974 2677 1034 2741 est
1050 2657 1194 2741 Gadus
1222 2659 1344 2741 dorso
1374 2664 1636 2770 tripterygio,
1667 2658 1870 2743 Calloriis
1898 2670 2068 2774 speda-

448 2821 525 2897 tim
551 2815 711 2897 Lusco
741 2813 884 2920 affinis
912 2843 938 2893 a
969 2811 1123 2927 Tilesio
1159 2812 1388 2925 descriptus
1414 2830 1454 2894 et
1482 2810 1668 2896 iconibus
1694 2816 1949 2897 illustratus.

446 2974 536 3041 Tab.
563 2978 656 3044 XVI.
682 2976 794 3042 xvn.
847 2969 1010 3061 Wacbsja
1050 2970 1203 3037 diversis
1242 2969 1469 3059 temporibus
1508 2979 1547 3039 et
1587 2971 1679 3039 locis
1712 2972 1858 3039 varians
1894 2980 2065 3047 maxims

343 3093 486 3164 duabus
517 3092 736 3185 speciebus,
776 3092 893 3161 sltera
925 3097 1061 3182 majore
1093 3092 1215 3181 pedali
1249 3091 1431 3160 interdum
1462 3100 1500 3160 et
1535 3092 1698 3182 bipedali
1726 3096 1856 3182 capite
1891 3102 2065 3171 maxims

345 3212 612 3306 latissimoque,
640 3214 757 3283 altera
783 3218 914 3281 minori
942 3214 1088 3303 gracilis
1114 3220 1264 3303 copiose
1291 3192 1472 3304 provenit.
1515 3214 1802 3283 Priorem‘circs
1827 3214 1948 3285 linem
1975 3218 2066 3293 Jnli

345 3347 383 3407 et
410 3343 552 3406 initium
574 3342 726 3427 Augusti
752 3340 1082 3403 numerosissimam
1109 3340 1249 3425 accepi,
1277 3336 1446 3418 alteram,
1475 3358 1599 3403 mense
1627 3336 1850 3426 Septembris
1882 3339 2061 3433 frequen.

346 3466 419 3529 tius
445 3466 591 3547 captam
618 3459 833 3527 attulerunt.
900 3465 1062 3553 Utraque
1088 3457 1285 3547 Waclmjne
1319 3464 1458 3546 species
1489 3482 1561 3525 non
1595 3464 1662 3525 nisi
1690 3458 1958 3531 deficientibus
1986 3464 2062 3535 Sal·

346 3603 494 3647 monum
523 3580 715 3668 speciebus
743 3584 983 3661 aestimatur,
1023 3579 1155 3667 quibus
1183 3586 1220 3646 et
1246 3586 1351 3666 gustu
1379 3587 1418 3646 et
1443 3584 1666 3648 nutrimento
1693 3584 1964 3670 postponenda
1989 3594 2062 3673 est,

347 3722 389 3770 sc
417 3700 669 3767 innumerabili
696 3706 875 3766 vermium
902 3701 1165 3772 intestinalium
1191 3705 1298 3789 copia
1325 3710 1492 3768 vexatur.

450 3828 650 3908 Utramque
665 3820 861 3887 Wsclmiue
888 3828 1045 3908 speciem
1074 3822 1262 3889 rutabula
1289 3828 1402 3909 (XVI,
1431 3828 1529 3891 XVII
1550 3830 1588 3891 et
1610 3823 1756 3910 XVIII.)
1783 3843 1870 3891 inea
1896 3830 2064 3899 secunda

346 3951 457 4015 tertiis
474 3952 511 4011 et
524 3949 654 4032 quarta
668 3943 715 4007 ad
730 3946 852 4007 vivum
869 3947 968 4030 pinxi
981 3964 1181 4030 earumque
1195 3949 1387 4008 snntornen
1403 3945 1680 4033 insequentibus
1693 3950 1864 4034 exposui.
1880 3952 2064 4021 Wuchnis

346 4062 651 4153 macrocephaln,
678 4084 784 4159 quam
811 4063 904 4129 Gadi
932 4063 1199 4152 rnacrocephuli
1228 4067 1373 4130 nomine
1401 4064 1573 4153 specifico
1599 4066 1814 4155 designavi,
1857 4076 1961 4139 rIctu
1990 4078 2061 4141 oris

348 4159 603 4276 amplissimo,
644 4189 766 4272 cupite
804 4189 964 4253 maximo
1007 4187 1256 4275 latissimoque
1296 4193 1382 4255 entis
1423 4208 1605 4276 superque
1631 4188 1902 4276 distinguitur,
1943 4195 2063 4264 alten

346 4316 466 4378 minor
490 4311 572 4376 lusco
599 4304 717 4372 affinis
744 4326 900 4395 corpore
927 4312 1126 4396 proceriori
1156 4315 1193 4375 et
1220 4309 1334 4375 [orma
1362 4308 1487 4400 gracili
1516 4329 1584 4376 nec
1609 4330 1682 4376 non
1705 4306 1809 4376 hiatu
1836 4319 1919 4382 oris
1947 4336 2062 4406 anpu-

348 4438 452 4500 atiori
480 4437 519 4498 et
544 4432 665 4516 capite
693 4432 824 4494 minori
852 4450 872 4495 s
900 4434 1019 4518 priore
1046 4431 1194 4509 differt,
1229 4452 1383 4520 eamque
1408 4431 1550 4499 Gsdum
1576 4428 1749 4519 gracilem
1775 4430 1871 4500 dixi.
1925 4436 2064 4507 Wscb.

349 4558 408 4622 nis
435 4548 717 4638 macrocephals
742 4551 912 4618 Calluriis
938 4552 1083 4638 affinis,
1129 4554 1193 4622 sed
1218 4557 1340 4642 capite
1366 4557 1494 4644 majori
1527 4559 1566 4621 et
1597 4552 1747 4637 lettori,
1787 4555 1900 4627 radio
1928 4566 2065 4653 pinnae

345 4728 660 4748 μ

394 4826 427 4909 ⁸)
451 4832 521 4885 icon
544 4847 583 4888 cx
611 4843 688 4887 voro
712 4826 901 4886 celelcrrirni
941 4830 1073 4887 auctoris
1102 4825 1191 4886 simtd
1224 4847 1293 4890 cum
1327 4826 1535 4906 descriptione
1572 4838 1605 4885 tt
1639 4824 1810 4891 tabularum
1843 4836 2063 4917 explicarique

457 4951 564 4996 resurr
585 4938 700 5012 adiectu
721 4951 778 4998 est.
824 4934 969 4999 Tilenus.
