4404 5902
891 279 1040 343 Ε,
1565 331 1570 341 .
1715 258 1808 359 367

101 476 194 567 nia·
209 476 427 589 longitudo
455 474 699 593 quindecim
728 507 825 562 curn
853 506 1038 567 excessu.
1053 477 1286 597 pollicum3
1316 499 1442 593 caput
1463 492 1524 566 ιθ.
1540 492 1619 568 6‘11.
1648 478 1806 567 distan·
1845 593 1849 600 Ι

102 632 169 718 tia
197 662 223 714 a
250 657 412 713 summo
441 651 574 713 rostro
603 630 656 712 ad
683 630 853 715 oculum
885 644 981 728 ὄψ’.
1026 633 1079 716 ad
1105 630 1195 748 pin.
1227 632 1436 717 dorsalem
1464 645 1531 737 ld.
1560 642 1638 720 lim.
1678 631 1808 746 hujus

100 782 290 871 latitudo
317 784 383 865 3¹¹.
411 792 492 866 dm.
531 780 712 866 altitudo
739 782 902 897 postice
932 788 1000 867 δ”.
1031 789 1108 867 6”’.
1155 781 1257 868 ind'e
1285 782 1502 898 adiposam
1532 790 1597 869 2⁰.
1627 792 1705 872 tm.
1737 816 1809 873 cu-

101 940 172 1053 jus
199 912 382 1018 latitudo
403 943 500 1035 lgm.
529 929 688 1018 dehinc
716 935 769 1018 ad
799 936 957 1019 caudae
984 934 1160 1050 pinnam
1182 942 1239 1019 1⁰.
1260 949 1338 1020 6¹¹¹.
1368 932 1462 1050 ipsa
1489 937 1648 1022 caudae
1675 937 1807 1051 pinna

100 1095 169 1172 2⁰.
197 1089 280 1191 Ψ.
317 1080 519 1169 distantia
547 1114 757 1170 asumma
786 1109 920 1170 rostro
949 1087 1002 1170 ad
1030 1084 1149 1200 pinn.
1181 1085 1417 1199 pectorales
1448 1093 1513 1174 2‘1.
1543 1098 1623 1177 6“‘.
1662 1120 1807 1186 aarum

99 1234 329 1351 longitudo
357 1241 423 1320 2⁰.
452 1239 529 1319 ψ’.
557 1234 659 1322 inde
688 1239 742 1322 ad
768 1235 980 1321 ventrales
1008 1243 1074 1323 δ”.
1112 1248 1213 1320 rom.
1239 1265 1420 1351 quarum
1448 1237 1598 1351 longit.
1626 1250 1690 1326 αθ.
1723 1252 1827 1333 (im.

100 1384 209 1473 dein
239 1387 292 1471 ad
319 1384 494 1501 pinnam
523 1386 594 1473 ani
624 1393 688 1475 δ”.
718 1358 796 1500 pm.
826 1385 951 1500 hujus
978 1385 1160 1473 latitudo
1194 1395 1254 1473 ru.
1284 1400 1364 1475 dm.
1414 1387 1614 1505 Corporis
1642 1422 1806 1487 summa

98 1533 288 1625 latitudo
316 1546 381 1624 δ”.
413 1544 493 1626 im·
519 1538 728 1626 crassities
762 1549 822 1626 μ’.
864 1551 967 1623 mm.
1206 1614 1208 1618 ,
1532 1600 1537 1617 .

167 1754 170 1759 -
214 1693 258 1787 β.
286 1690 428 1775 Sulmo
455 1700 657 1795 arcticus,
694 1693 800 1779 Poll.
829 1697 919 1775 itin.
952 1693 1029 1774 Ill.
1059 1721 1100 1805 p.
1131 1703 1225 1799 706.
1254 1692 1429 1805 append.
1461 1723 1499 1776 n.
1530 1709 1597 1803 47.
1625 1696 1801 1783 Gmelin.

99 1859 220 1955 syst·
240 1844 317 1925 ΙΙΙ.
345 1875 388 1958 p.
421 1856 538 1952 1373.
567 1874 629 1958 sp.
659 1857 728 1931 36.
768 1871 881 1929 nunc
917 1871 1014 1927 cum
1047 1841 1282 1955 junioribus
1310 1840 1552 1957 Thymallis
1585 1845 1800 1933 montium

97 1989 374 2095 Uralensium
411 1993 551 2078 denuo
591 1995 770 2081 collatus
782 2028 817 2097 ,·
854 2025 941 2081 non
979 1993 1145 2079 videtur
1189 1994 1306 2080 aliud
1345 2023 1459 2099 esse,
1500 2025 1627 2109 quam
1666 2006 1803 2113 proies

102 2143 325 2256 'laynam
364 2144 528 2259 primae
569 2144 732 2235 aetatis.
789 2145 949 2231 Differt
987 2167 1169 2263 tantum·
1191 2147 1325 2232 forma
1367 2145 1500 2261 magis
1534 2148 1800 2257 lanceolata,

95 2293 248 2413 pinnis
276 2294 414 2382 adhuc
442 2295 597 2383 albidis
623 2298 836 2384 radiorum
862 2328 1037 2384 numero
1058 2296 1433 2385 convenientibus.
1492 2299 1706 2387 Convenit
1740 2303 1817 2389 la·

97 2445 266 2533 teribus
292 2478 468 2534 numero
496 2448 708 2535 radiorum
736 2449 782 2535 in
808 2449 941 2567 pinna
967 2448 1126 2536 dorsali
1168 2450 1269 2566 (qui
1298 2453 1352 2536 ad
1388 2463 1435 2538 18
1462 2459 1650 2568 usque),
1693 2477 1799 2540 stru·

97 2622 222 2685 ctara
249 2598 347 2685 oris.
403 2606 453 2685 In
488 2600 627 2688 fluviis
667 2601 817 2719 rapido
854 2605 964 2707 Sob,
1006 2633 1084 2718 per
1112 2603 1303 2688 boreales
1331 2603 1447 2719 alpes
1475 2601 1523 2689 in
1550 2604 1694 2693 Obum
1725 2607 1800 2692 ds·

95 2752 291 2851 fluente,
346 2754 590 2838 observatus
648 2786 673 2839 a
735 2755 926 2841 Studioso
990 2758 1149 2845 Basilio
1206 2756 1361 2876 Sujcf.
1443 2757 1643 2872 Figuram
1685 2759 1797 2848 addo

94 2902 242 3015 (Tau.
266 2905 448 2993 LXXIV
446 2964 458 2989 .
491 2907 575 3021 fig.
605 2915 686 3022 3.).
742 2906 1029 3024 Longitudine
1063 2930 1182 2994 erant
1210 2915 1278 3014 Ψ.
1306 2911 1387 2999 aar,
1415 2928 1543 3025 caput
1578 2920 1681 2995 rom.

333 3246 449 3337 258.
487 3234 775 3341 SALMO
823 3245 1137 3336 orientalis.
1177 3241 1312 3333 TAB.
1350 3237 1569 3333 LXXIV.
1665 3382 1677 3405 .

247 3516 289 3601 S.
319 3544 495 3632 corpore
523 3536 764 3630 argentata,
792 3537 924 3602 rostro
952 3478 1130 3618 conice,
1161 3509 1454 3613 acutiusculo,
1496 3512 1629 3597 cauda
1657 3515 1797 3603 subbi-

81 3670 248 3770 furca,
274 3669 510 3754 maculosa.
537 3669 667 3785 pinna
696 3668 766 3752 arsi
796 3665 1218 3783 quindecimradiata.

322 3821 465 3907 salmo
493 3850 669 3932 corpore
698 3819 928 3916 latissimo,
973 3817 1104 3935 pinna
1129 3813 1254 3904 -dorsi
1287 3848 1349 3901 ιη.
1385 3812 1519 3931 pinna
1558 3813 1628 3900 ani
1661 3833 1707 3906 15
1737 3850 1800 3904 ra·

378 3973 545 4061 diorum
573 3975 733 4058 Sseiler:
761 3971 848 4056 obs.
877 3974 1023 4057 Msae,·
1048 3978 1216 4058 lilesius
1243 3979 1401 4057 monem
1427 3968 1609 4055 admisit.

210 4122 389 4211 Rossice
416 4125 463 4211 in
490 4121 785 4211 camachatca
817 4124 1141 4239 Tsohorsytsolro
1172 4127 1218 4233 (a
1246 4120 1561 4209 Camtschatico
1586 4119 1795 4241 nomine).

211 4275 549 4365 Camtschadalis
580 4277 861 4362 Tschriitsclto.

215 4427 371 4515 Curilis
404 4432 679 4541 Tsclriaoyrro.
739 4428 938 4517 Goraecis
965 4434 1170 4518 Eruotsclr.
1700 4536 1705 4557 .

242 4579 376 4667 Piscis
401 4579 475 4665 hic
502 4585 774 4686 anadromus,
805 4584 978 4668 Oceano
1006 4578 1204 4667 orientali
1231 4575 1452 4694 proprius,
1488 4573 1602 4661 inter
1627 4582 1794 4667 Trutta·

67 4760 200 4831 coos
220 4727 287 4819 ibi
305 4731 431 4820 facile
452 4736 649 4850 princeps
667 4758 745 4840 est,
774 4755 864 4819 tam
881 4733 1187 4851 magnitudine,
1217 4761 1346 4849 quam
1365 4728 1503 4819 carnis
1522 4731 1791 4848 praestantia.
