4404 5902
264 328 357 423 288
931 327 938 337 '
1026 335 1176 395 Β

259 552 363 645 cari.
391 555 518 641 Forat
539 571 685 639 antem
712 542 921 635 immensa
945 539 1101 629 bomm
1121 537 1168 623 in
1188 533 1309 653 aquis
1325 533 1536 641 ducibus,
1562 534 1754 637 lacubus,
1784 530 1946 651 mugnis,

258 705 480 796 fluminum
522 702 680 808 alveis,
725 699 962 813 rivulisque
1006 688 1333 806 multiplicatio,
1375 686 1421 774 ni
1460 692 1638 793 Persae,
1679 686 1944 792 Gasterostei,

258 862 405 946 Ranae
428 860 520 943 imo
549 854 742 970 Dytisci,
784 879 988 952 ovorum,
1028 867 1283 956 teneraeque
1306 842 1441 956 prolis
1469 867 1661 955 magnam
1689 841 1863 959 copiam
1887 845 1944 933 in·

261 1007 546 1121 gurgitarent,
572 1027 619 1091 et
637 1028 704 1092 tot
715 1011 830 1090 Ares
849 997 1066 1114 aquaticae
1085 993 1223 1077 varios
1244 990 1393 1076 aetatis
1410 992 1559 1105 gradus
1579 993 1942 1110 depopularentur.

260 1154 498 1271 Quantovis
524 1178 664 1243 autem
691 1153 736 1240 in
765 1152 1000 1269 specierum
1027 1173 1222 1248 nurnero,
1261 1170 1369 1257 qnae
1395 1169 1661 1257 promiscuae
1687 1145 1865 1251 vivunt,
1902 1170 1942 1235 et

256 1326 563 1424 propagantur,
605 1306 725 1391 nulla
752 1320 895 1389 ta'rnen
926 1322 1042 1386 certa
1067 1317 1237 1382 exstant
1261 1288 1463 1408 exempla
1489 1293 1778 1407 generationis
1806 1294 1941 1411 hybri-

258 1458 339 1543 dae
369 1452 483 1541 inter
508 1456 644 1543 varias
670 1457 778 1539 adeo
805 1456 950 1539 affines
978 1474 1104 1565 atque
1131 1444 1399 1533 intermixtas
1423 1439 1603 1558 species,
1626 1443 1777 1532 saltim
1806 1447 1854 1533 in
1879 1480 1941 1535 ns

256 1604 384 1692 rurali
411 1626 549 1703 statu,-
588 1606 891 1695 Conclusorum
926 1600 1041 1687 enim
1075 1599 1121 1683 in
1159 1593 1336 1713 piscinis
1372 1593 1555 1709 augustia
1587 1618 1851 1711 potestesse
1873 1630 1940 1687 ex·

258 1755 430 1872 ceptio,
469 1784 551 1843 nec
574 1754 721 1843 tamen
748 1755 831 1842 rite
858 1756 1047 1871 probata,
1110 1751 1237 1835 Adeo
1271 1766 1411 1831 autem
1448 1743 1609 1831 similes
1634 1745 1751 1832 inter
1777 1778 1823 1835 se
1854 1774 1937 1836 sunt

257 1904 546 2022 Cyprinoutm
581 1906 764 1995 minores
799 1903 1045 2024 praesertim
1074 1900 1269 2016 species,
1306 1920 1355 1982 ut
1388 1895 1654 1983 difficiblime
1678 1897 1937 1989 characteres

256 2055 475 2174 specificas
504 2056 643 2145 serbis
669 2058 905 2175 pingendos
939 2056 1194 2170 praebeant,
1234 2052 1349 2135 unde
1381 2045 1573 2163 cognitio
1601 2078 1755 2137 eorum
1790 2054 1935 2171 imper·

261 2211 402 2314 fecta,
427 2206 601 2293 nomina
626 2238 755 2323 vaga,
786 2237 872 2293 non
898 2226 1062 2289 tantum
1091 2200 1487 2317 Ichthyologorurn,
1518 2200 1593 2285 sed
1620 2200 1753 2287 etiarn
1779 2206 1934 2320 plebeJ'r

260 2359 544 2477 piscatorum,
586 2361 880 2474 usqueadeo,
920 2378 968 2440 ut
994 2384 1118 2469 saepe
1145 2353 1192 2438 in
1220 2354 1370 2440 eadem
1395 2348 1640 2465 provincia.
1683 2352 1931 2441 diversorum

258 2511 428 2597 lacuum
455 2506 525 2591 vel
552 2506 775 2593 fluviorum
809 2507 981 2592 accolae
1011 2503 1299 2590 diversissima
1331 2501 1504 2587 nomina
1542 2498 1696 2586 iisdem
1730 2504 1930 2617 pisciculis

259 2659 500 2773 imponant,
528 2655 663 2741 immo
689 2654 806 2742 idem
833 2685 957 2773 saepe
982 2685 1139 2741 nomen
1166 2682 1243 2769 pro
1274 2651 1450 2738 diversis
1477 2650 1700 2768 speciebus
1726 2656 1929 2771 designas·

257 2807 329 2895 dis
355 2804 462 2890 binc
489 2803 592 2891 inde
619 2805 865 2894 adhibeant.
922 2814 972 2892 In
999 2803 1220 2923 speciebus
1242 2802 1524 2907 Germaniae,
1553 2801 1735 2908 Galliae,
1764 2808 1928 2921 Anglirs

258 2954 467 3074 propriis,
506 2985 608 3071 quas
639 2957 813 3066 plurimi
845 2955 1121 3072 Ichthyologi
1155 2973 1429 3040 retractarunt
1462 2975 1510 3039 et
1541 2951 1739 3039 iconibus
1768 2955 1926 3043 illustra

258 3082 371 3205 runt,
396 3111 567 3221 jamjam
592 3106 732 3194 minus
759 3111 994 3206 laboratum
1018 3108 1094 3192 sed
1121 3101 1308 3207 Rossiae,
1332 3132 1540 3217 aquarum
1558 3103 1693 3221 copia
1710 3106 1926 3197 ditissimas

209 3260 212 3265 ’
256 3278 304 3341 et
330 3255 534 3362 Sibiriae,
563 3279 632 3344 tot
658 3281 703 3345 et
726 3259 855 3344 tantis
883 3256 1022 3345 fluviis
1048 3258 1301 3369 lacubusque
1329 3253 1497 3355 divitis,
1523 3254 1738 3371 plurimae
1764 3260 1925 3349 tributas

257 3429 356 3492 sunt
381 3406 570 3522 species,
612 3431 659 3494 et
683 3430 749 3493 tot
776 3408 948 3495 nomina
977 3411 1087 3524 apud
1113 3409 1272 3493 incolas
1298 3405 1476 3510 usitata,
1512 3429 1566 3491 ut
1600 3437 1690 3493 non
1717 3408 1836 3522 prius
1859 3408 1924 3497 bos

257 3555 481 3641 nominum
505 3557 647 3645 Chaos
674 3559 897 3662 extricare,
927 3581 971 3643 et
994 3559 1161 3673 species
1187 3587 1334 3643 omnes
1362 3554 1537 3643 disserte
1565 3556 1827 3671 distinguere
1851 3588 1924 3679 spat

263 3703 343 3807 sit,
372 3710 496 3818 quarn
524 3708 633 3793 datis
657 3709 847 3796 omnium
875 3707 1090 3793 iconismis
1119 3709 1295 3811 curatis,
1324 3707 1536 3793 coloribus
1564 3705 1815 3812 illustratis,
1839 3738 1922 3827 qma

260 3853 309 3943 in
336 3855 489 3942 itinere
510 3886 602 3945 non
629 3888 794 3972 semper
819 3858 985 3946 occasio
1012 3880 1056 3945 et
1083 3859 1217 3945 otium
1246 3857 1326 3942 fuit
1352 3886 1609 3973 comparare.
1661 3865 1780 3973 Quot
1805 3886 1921 3949 antea

259 4004 308 4092 in
336 4028 533 4122 promptu
558 4038 670 4094 nunc
696 4031 812 4104 sunt,
839 4032 888 4096 ut
913 4009 959 4095 in
988 4012 1229 4095 Salrnonum
1257 4036 1425 4122 genere,
1452 4037 1530 4123 pro
1557 4007 1811 4098 facilitando
1837 4014 1921 4097 fua

259 4155 320 4241 ris
347 4159 684 4246 observatoribus
710 4160 909 4274 negotio,
946 4192 1043 4249 cnm
1075 4161 1239 4245 exactis
1273 4134 1627 4274 descriptionibus
1661 4157 1740 4247 hic
1773 4161 1918 4275 adjuio.

262 4307 314 4391 ln
341 4333 493 4420 genere
520 4305 783 4427 characteres
815 4313 1049 4426 specierum
1085 4341 1140 4395 ex
1175 4331 1313 4397 orest
1346 4318 1473 4427 pinno
1505 4319 1579 4395 oni
1602 4309 1655 4397 in
1677 4310 1766 4400 hoc
1792 4336 1918 4429 genere

260 4455 450 4542 maxime
477 4461 683 4575 petendos
710 4491 799 4548 esse
827 4462 981 4563 vide03
1020 4494 1119 4548 nam
1159 4461 1332 4575 reliquis
1370 4461 1515 4585 pinnis
1552 4490 1703 4577 parurn
1746 4464 1855 4549 iuter
1882 4486 1916 4545 re

256 4603 490 4737 'differunt3
519 4632 563 4696 at
589 4641 852 4726 squamarum
880 4612 1126 4726 magnitudo
1152 4636 1198 4698 et
1224 4611 1412 4729 corporis
1439 4613 1765 4728 proportiones,
1804 4607 1915 4699 verbis

264 4752 520 4847 difficillime
557 4763 851 4879 exprimuntur
892 4787 938 4849 et
976 4792 1133 4880 paucae
1176 4766 1402 4851 admodum
1440 4784 1540 4849 sturt
1577 4764 1913 4882 nicrolepidms
