4404 5902
326 434 415 520 116
1090 424 1236 515 ξε..-

317 661 465 749 Phol
478 665 751 774 ongistes
786 663 1014 772 laevigatus
1056 656 1309 773 Segaliensis
1344 690 1442 746 nov.
1471 691 1532 776 sp.
1560 660 1735 773 Agonus
1758 663 1965 782 laevigato

314 813 499 898 'Tilesius
512 818 609 897 Act.
624 809 777 896 noviss.
794 816 961 926 Petrop.
977 813 1075 897 Vol.
1092 817 1166 893 IV.
1190 840 1302 926 spec.
1332 813 1372 922 7'.
1402 814 1564 924 adjecta
1583 811 1722 897 icone.
1762 818 1965 930 sygmu„

378 961 629 1077 Segaliensis
657 960 895 1047 thoracicus
935 961 1077 1078 pinnis
1117 961 1376 1047 ventralibus
1417 960 1653 1048 instructus.
1718 965 1802 1051 Die
1829 998 1952 1088 grop-

428 1113 648 1232 penartige
689 1113 906 1197 Seenadel.
977 1110 1205 1198 Memoires
1233 1115 1287 1198 de
1315 1114 1357 1196 la
1385 1111 1541 1198 sociate
1568 1114 1793 1230 Itnperiale
1821 1120 1898 1207 des

629 1263 923 1348 'Naturalistes
970 1268 1024 1349 de
1059 1270 1235 1350 Moscou
1262 1263 1361 1347 Vol.
1389 1268 1446 1345 ll.
1472 1267 1577 1350 Tab.
1614 1283 1674 1370 ¹4·

414 1422 514 1495 Phal.
541 1425 697 1514 c'orpore
724 1425 899 1493 octa'e‘dro
927 1423 1078 1514 gracili,
1131 1427 1242 1492 acutia
1278 1422 1469 1510 laevigatis
1488 1422 1648 1493 loricato
1659 1471 1674 1512 ,
1724 1433 1848 1521 capite
1872 1430 1965 1508 latui<

318 1545 584 1632 aubtubuloso,
615 1567 679 1615 ore
706 1566 838 1634 supero
863 1544 1063 1631 edentulo,
1089 1543 1242 1611 maxilla
1268 1542 1436 1611 inferiore
1459 1542 1622 1632 longiore

413 1663 553 1737 Mealr.
579 1666 707 1735 trunci.
733 1669 803 1734 aad.
829 1687 869 1761 7.
893 1659 978 1734 Pect.
1013 1667 1067 1752 rt„
1095 1660 1190 1734 Vena.
1219 1684 1254 1733 a.
1280 1658 1334 1732 D.
1359 1685 1391 1728 a.
1418 1685 1453 1760 7.
1479 1683 1513 1752 p.
1541 1662 1577 1733 8.
1603 1662 1651 1734 Α.
1685 1686 1742 1739 ra.
1768 1664 1810 1740 C.
1842 1691 1901 1747 ιο.

313 1784 517 1856 habitatin
543 1790 678 1856 Oceani
703 1785 891 1854 orientalia
918 1784 1072 1851 insulam
1102 1784 1343 1873 Segulienaem
1382 1781 1553 1851 alluentia
1578 1783 1690 1856 fundo
1715 1809 1764 1856 ex
1788 1813 1863 1879 quo
1887 1799 1963 1866 inte

311 1906 398 1974 dum
422 1906 467 1973 ab
492 1907 597 1973 undis
623 1906 829 1976 eliminatur
854 1910 954 1974 etin
981 1909 1059 1972 sinu
1076 1912 1116 1988 et
1136 1905 1388 1996 promontorio
1416 1907 1614 1992 patientiae
1640 1910 1676 1974 in
1700 1902 1805 1979 littus
1831 1911 1965 1985 elimint

310 2031 372 2096 tua
397 2033 589 2118 reperitur.

256 2411 272 2437 ι
308 2287 681 2406 Phalangistes
697 2296 930 2405 fitsiformis
955 2323 1052 2379 nov.
1082 2321 1194 2411 spec.
1235 2288 1434 2380 Cutiliass
1463 2312 1508 2375 et
1533 2293 1798 2405 Segaliensis,
1828 2302 1965 2416 adjeet

390 2438 529 2530 icone.
586 2447 762 2559 Agonus
787 2463 1010 2542 rostratas,
1037 2447 1113 2529 der
1140 2440 1486 2559 spindelftirmige
1513 2442 1708 2529 Ecklisch
1741 2448 1921 2540 Tilesiua

977 2597 1007 2682 l.
1034 2595 1108 2683 cit.
1138 2625 1250 2712 spec.
1284 2629 1324 2701 9.
1371 2666 1374 2671 .

408 2753 509 2824 unat.
534 2775 691 2845 corpore
715 2755 890 2826 octaedro
903 2753 943 2841 ‚'
967 2755 1199 2844 gracillimo,
1249 2774 1377 2821 versus
1414 2755 1544 2844 capitis
1582 2760 1744 2825 rostrum
1773 2766 1813 2829 et
1838 2761 1965 2833 caudet

308 2874 418 2947 'valde
445 2882 663 2962 attenuato,
700 2875 903 2961 luciformi,
943 2875 1058 2944 oculis
1082 2876 1190 2945 valde
1216 2872 1428 2965 prominulia
1452 2873 1606 2943 maxilla
1629 2877 1799 2949 inferiore
1824 2879 1965 2975 longior

306 2998 558 3086 anguettuima
584 3017 726 3065 sursum
752 2996 994 3065 adscendente

304 3112 361 3186 M.
386 3111 532 3191 araneo.
557 3113 595 3186 5.
621 3107 707 3213 Pace.
740 3111 793 3184 13.
819 3106 921 3183 Dors.
952 3129 1023 3184 ant.
1049 3114 1084 3187 8.
1111 3118 1195 3186 dors.
1220 3127 1306 3206 post.
1333 3111 1358 3183 8
1384 3108 1491 3183 stent.
1519 3131 1555 3184 a.
1580 3107 1681 3186 Anat.
1713 3115 1768 3188 13.
1796 3112 1906 3193 caua.
1938 3147 1965 3194 at

302 3240 471 3306 Omnium
496 3233 804 3324 Phalangistarum
837 3255 904 3322 per
940 3243 1100 3305 rostrum
1132 3245 1171 3306 et
1195 3235 1348 3304 caudam
1373 3233 1481 3301 valde
1508 3239 1733 3304 attenuatam
1757 3246 1797 3308 et
1821 3251 1965 3332 corpori

301 3341 457 3426 formum
481 3355 662 3425 insolitam
698 3353 919 3421 luciformem
958 3361 1118 3424 maxime
1154 3357 1327 3425 distincta
1368 3357 1508 3443 species
1547 3354 1736 3444 singularia
1769 3366 1809 3428 et
1833 3373 1965 3451 aspect

299 3476 491 3548 mirabilia.
555 3481 654 3545 inter
694 3477 850 3542 rariores
889 3480 943 3542 sui
980 3482 1120 3565 generis
1152 3499 1227 3544 non
1257 3479 1441 3566 pertinere
1466 3474 1637 3561 videtur,
1688 3499 1770 3548 cam
1796 3481 1965 3552 noneolas

299 3598 380 3686 ipae
405 3596 625 3685 Segalienaia
649 3598 845 3685 specimina
885 3593 980 3664 haud
1016 3596 1146 3686 procul
1184 3619 1206 3664 a
1251 3599 1504 3686 promontorio
1535 3602 1575 3664 et
1597 3601 1678 3664 sinu
1703 3602 1855 3670 Aniwae
1879 3611 1966 3695 capt

301 3711 460 3801 plurima
486 3735 627 3784 mecum
651 3712 837 3782 attulerim
866 3715 1065 3785 sedetiam
1091 3716 1162 3783 alia
1187 3720 1382 3806 specimina
1410 3715 1594 3784 exsiccata
1622 3722 1698 3786 tam
1724 3717 1771 3786 ab
1787 3723 1965 3792 immortal

300 3829 434 3904 Stellero
459 3838 590 3925 missa,
641 3855 747 3936 quam
783 3834 829 3902 ab
868 3833 1048 3904 indefesso
1082 3833 1179 3905 Meri
1208 3857 1256 3904 ex
1282 3834 1450 3905 orientali
1475 3837 1624 3905 Oceano
1647 3837 1782 3908 insulas
1807 3842 1965 3915 Ouellica

292 3950 462 4033 ,alluente
488 3954 601 4026 allata
628 3958 667 4025 in
689 3961 815 4024 Museo
850 3953 1056 4024 academico
1081 3956 1353 4048 Petropolitano
1378 3963 1644 4046 comparetur.
