4404 5902
386 352 445 416 10
1157 348 1305 400 ἒξ

382 581 487 658 sum,
521 552 664 639 colore
693 544 1105 641 cinereo-albicante
1139 541 1320 631 tinctum
1349 545 1402 630 ad
1430 544 1563 631 latera
1591 544 1801 663 glandulis
1828 544 2075 664 prominen-

374 704 556 793 rioribus
581 704 901 793 rubescentibus
930 698 1242 814 exasperatum,
1298 695 1475 783 maculis
1503 697 1735 785 maioribus
1761 700 1894 786 variis
1918 702 2068 789 viridi·

379 859 456 945 bus
483 857 708 970 ingyrum
736 855 875 944 ductis
903 852 1024 967 nigro
1063 848 1216 937 cinctis
1251 847 1457 965 nigroque
1491 849 1702 967 punctatis
1730 850 1965 964 interjectis
1992 858 2073 945 mi·

380 1007 556 1098 noribus
598 1010 790 1095 eiusdem
830 1005 984 1095 coloris
1020 1000 1254 1089 rotundatis
1289 1002 1498 1117 picturam
1533 1025 1682 1089 exacte
1721 1004 1996 1093 referentibus
2023 1008 2072 1095 in

374 1161 604 1248 abdomine
632 1163 777 1248 subtus
803 1154 1119 1276 pallidioribus,
1161 1152 1301 1239 antico
1330 1155 1663 1259 albescentibus,
1719 1153 1884 1272 poetice
1912 1157 2072 1247 cinera-

379 1310 594 1399 scentibus
621 1312 796 1399 varium.
864 1311 1045 1394 Dorsum
1081 1305 1258 1391 maculis
1295 1304 1545 1421 quibusdam
1572 1308 1866 1422 grandioribus
1891 1332 2075 1398 saturato

376 1463 585 1551 viridibus
613 1487 658 1552 et
686 1461 1014 1551 obsoletioribus
1041 1455 1318 1573 variegatum.
1374 1462 1504 1546 Attus
1531 1487 1637 1547 vero
1662 1459 1803 1547 fasciis
1827 1462 1941 1548 laete
1967 1460 2067 1551 viri·

378 1616 649 1704 descentibns
691 1614 1001 1703 confluentibus
1039 1611 1278 1725 cinguntur.
1351 1613 1503 1698 Latera
1530 1612 1716 1728 corporis
1742 1612 1888 1699 fasciis
1911 1616 2071 1704 duabus

224 1774 228 1789 '
375 1739 755 1885 longitndinalibus
806 1769 965 1853 lineam
1010 1763 1209 1878 utrinque
1252 1763 1470 1849 lateralem
1527 1788 1743 1851 crenaram
1790 1768 2077 1854 referentibus

375 1945 577 2011 exornata
619 1944 730 2008 sunt.
796 1920 1096 2034 Palpebrarum
1133 1915 1351 2030 quaelibet
1389 1916 1554 2000 macula
1592 1913 1879 2004 rhomboidali
1923 1942 2072 2005 notata

374 2095 452 2160 est.
521 2075 702 2160 Habitum
736 2069 907 2159 bufonis
953 2091 1019 2152 est
1054 2090 1098 2154 et
1127 2088 1330 2152 structura
1356 2068 1582 2154 tenerrima
1610 2070 1804 2185 adeoque
1829 2073 1888 2157 ob
1910 2076 2073 2189 pedum

371 2224 631 2343 parvitatem
669 2256 755 2312 non
791 2221 936 2309 valide
968 2223 1117 2325 saltat,
1170 2240 1381 2304 caeterum
1414 2250 1494 2306 nec
1520 2219 1636 2306 vitae
1663 2243 1817 2326 tenax,
1858 2255 1984 2341 quam
2012 2228 2075 2315 ob

374 2404 467 2461 rem
493 2405 579 2461 non
608 2378 840 2463 admodum
865 2374 1090 2490 frequens,
1131 2374 1206 2456 sed
1234 2403 1328 2456 raro
1358 2373 1556 2459 cernitur.
1615 2374 1841 2490 Specimen
1867 2376 2070 2492 primum,

375 2529 492 2642 quod
530 2530 623 2617 cel.
668 2531 838 2616 Boebes·
874 2558 1016 2614 coram
1056 2523 1231 2625 habuit,
1288 2555 1385 2610 cum
1426 2525 1756 2643 descriptionem
1796 2526 2069 2617 concinnaret

375 2678 523 2766 vivum
550 2702 639 2767 erat
676 2703 722 2766 et
746 2682 793 2768 in
823 2681 957 2799 lpsius
995 2708 1162 2767 camera
1200 2673 1249 2763 in
1284 2682 1390 2766 urbe
1432 2683 1757 2769 Cotborinoslotn
1785 2679 1947 2767 ultimis
1977 2685 2069 2772 die-

374 2830 455 2917 bus
481 2832 741 2950 Septembris
774 2869 875 2949 ²792
906 2856 1094 2952 captum.

829 3135 875 3206 o.
948 3103 1170 3197 RANA
1251 3109 1612 3229 temporario.

512 3295 568 3383 R.
598 3320 721 3406 snpra
747 3293 987 3412 ferruginea
1011 3291 1260 3377 sublitnmto
1286 3293 1443 3410 plantis
1470 3294 1681 3413 palmatis.

592 3455 716 3534 Rana
741 3446 957 3566 aquatica,
1012 3446 1173 3530 Gesner.
1202 3477 1269 3563 asp
1301 3480 1341 3560 p,
1371 3460 1467 3536 cos.
1520 3451 1614 3568 naj.
1645 3449 1790 3565 quadr.
1817 3483 1861 3569 p.
1890 3467 1988 3557 ²4¹·

596 3607 716 3686 Rana
744 3623 886 3705 muta,
939 3602 1128 3684 laurent.
1157 3599 1339 3714 amphib.
1369 3632 1409 3714 p·
1439 3611 1504 3686 do.
1534 3633 1575 3686 n.
1610 3634 1672 3712 ¹7·

594 3758 715 3839 Reno
743 3754 857 3840 fusco
883 3746 1113 3854 terrestris,
1164 3754 1324 3840 Roesel.
1353 3784 1441 3838 ron.
1471 3785 1513 3868 p.
1547 3787 1582 3838 r.
1610 3755 1696 3840 tob.
1732 3790 1821 3840 ι-
1839 3769 1880 3843 3.

592 3908 715 3991 Rana
741 3900 1024 4023 temporaria,
1076 3908 1167 3988 Lin.
1196 3926 1302 4018 syst.
1331 3906 1427 3990 ΧΠ.
1456 3909 1491 3994 Ι.
1520 3940 1562 4024 p.
1594 3919 1689 4018 357.
1716 3938 1777 4024 sp.
1814 3922 1876 3996 15.

482 4055 732 4145 Morduanis
749 4058 1016 4155 Wotrokscbs
1040 4053 1370 4148 Tacberemitsis
1382 4060 1537 4149 stata
1593 4059 1771 4174 Vogulis
1792 4060 2067 4166 l'orrnbenne,⁴

536 4207 731 4297 Votiacis
755 4210 885 4297 utet.

479 4358 667 4449 Ostiacit
712 4360 1084 4452 Beresoriensibus
1120 4367 1299 4456 Nummi
1310 4401 1328 4467 ς
1379 4365 1717 4484 Narymensibus
1754 4370 2065 4472 Tarannon,-

537 4513 858 4628 Surgntensibus
885 4518 1097 4609 Soanta.
1385 4519 1392 4533 ’

400 4634 405 4646 ’
476 4665 689 4781 tangunt
714 4670 1024 4770 naaman
1051 4673 1105 4758 aa
1133 4672 1348 4762 aaaron
1376 4674 1506 4765 oron
1532 4675 1606 4764 vn
1631 4676 1936 4788 manase.

473 4815 713 4938 (λημία
739 4823 907 4916 Demdr‘.
965 4825 1170 4944 Tangutis
1196 4828 1375 4920 Abarno-
