4404 5902
466 615 625 714 ‚312ss
692 599 1093 694 TESTUDO
1175 603 1525 700 orbicularis.

288 882 346 965 Τ.
374 899 492 964 scuto
521 873 845 976 suburbiculato,
874 878 1070 993 depressa
1099 905 1304 984 convexo,
1332 877 1458 987 laevi,
1488 880 1597 970 flavo
1624 906 1841 999 punctam.

369 1035 531 1118 Marsa.
565 1029 731 1114 Danub.
765 1032 837 1114 IV.
866 1031 951 1115 tub.
982 1044 1049 1119 33·
1078 1045 1144 1136 34.

368 1184 558 1268 Testudo
586 1157 853 1287 orbieularis‚
907 1186 997 1265 Lin.
1026 1202 1129 1294 syst.
1157 1184 1253 1264 XII.
1281 1185 1316 1267 I.
1346 1216 1387 1299 p⁴
1417 1199 1511 1274 351.
1540 1219 1603 1304 sp.
1633 1201 1673 1278 5.

367 1336 560 1421 Testudo
587 1363 818 1450 europaea,
858 1334 1087 1419 semita.
1111 1339 1347 1449 chelonogr.
1374 1365 1438 1453 sp.
1469 1351 1563 1425 323.

260 1484 406 1571 Rossis
434 1485 633 1599 generico
661 1483 833 1573 nomine
865 1487 1185 1594 Tacherepdcha.

261 1638 397 1724 Persis
422 1660 470 1722 et
497 1637 699 1725 Bocharis
726 1641 976 1754 Saenpnscht
991 1672 1012 1737 3.
1062 1636 1191 1738 Arab.
1219 1639 1447 1750 Salchafat.

257 1789 444 1879 Chivice
485 1791 833 1905 Rapiat-daghe&
888 1787 1057 1874 Tataris
1097 1790 1517 1877 &berthilde-Baitia
1560 1791 1619 1901 (i.
1651 1824 1689 1882 e.
1720 1803 1841 1884 Rana

322 1926 567 2055 scutata);'
604 1942 784 2057 Kirgisis
831 1964 875 2028 et
919 1937 1296 2027 Mestschaetaekis
1334 1944 1672 2051 Gabali-balad,
1727 1944 1836 2034 item
1905 1941 1909 1945 ’

320 2097 559 2184 Tasctbatt
587 2101 727 2208 (Rana
754 2103 912 2202 saxea).

254 2250 497 2336 Calmuccis
526 2250 992 2362 Chapchaltumelsele.

259 2399 508 2514 Georgianis
533 2402 667 2486 Kuwi.
723 2397 921 2482 armenis
949 2400 1098 2486 Kame.

250 2550 549 2637 'Tscherkessis
576 2554 870 2637 Adeschemoh.

287 2710 337 2787 In
367 2703 483 2817 aquis
510 2682 643 2819 pigris
668 2725 716 2787 et
742 2701 862 2786 fossis
886 2701 1001 2788 circa
1033 2703 1274 2789 australiora
1308 2702 1481 2789 flumina
1508 2701 1554 2788 in
1581 2710 1762 2792 Pontum
1787 2728 1836 2794 et

143 2888 263 2947 mare
302 2856 504 2970 Caspium
549 2853 768 2941 tendentia
805 2853 937 2941 etiam
971 2855 1018 2941 in
1053 2854 1322 2959 Chersoneso
1344 2857 1509 2942 taurica
1535 2880 1579 2943 et
1606 2888 1683 2974 per
1704 2863 1834 2943 Tata-

138 3011 253 3099 riam
289 3038 484 3123 magnam
529 3006 745 3095 asiaticam
786 3006 1145 3122 frequentissima,
1188 3039 1288 3094 vere
1322 3008 1572 3125 praesertim
1599 3009 1645 3095 in
1674 3009 1835 3096 siccum

138 3162 315 3260 exiens,
352 3181 570 3244 caeterum
613 3160 746 3274 magis
781 3156 1054 3274 hydrophila.
1120 3161 1350 3248 Hominum
1377 3160 1612 3247 natantium
1640 3158 1835 3276 genitali·

142 3319 223 3403 bus
250 3342 388 3400 morsu
417 3310 674 3427 periculosa,
701 3335 750 3396 ut
776 3314 929 3409 fertur,
961 3316 1072 3397 unde
1101 3313 1228 3426 vulgo
1254 3310 1300 3395 in
1330 3310 1468 3424 aquis,
1498 3311 1574 3395 ubi
1599 3312 1833 3395 testudines

140 3489 380 3567 versantur,
410 3464 530 3580 plebs
561 3464 694 3549 lavari
719 3462 859 3548 timet.
915 3470 1094 3569 Tamen,
1126 3494 1256 3578 quum
1289 3464 1340 3546 ad
1369 3492 1568 3577 aquarum
1596 3459 1832 3576 marginem

130 3619 366 3721 insolatur,
398 3616 492 3704 viso
520 3614 696 3702 homine
724 3614 845 3702 illico
873 3616 1051 3709 fundum
1077 3615 1200 3730 petit.
1259 3617 1345 3701 cel.
1374 3617 1631 3728 Margrafms
1658 3611 1705 3700 in
1731 3615 1829 3699 Act.

135 3775 320 3858 Baralin.
368 3768 505 3885 pisces
554 3802 581 3854 a
628 3767 843 3855 testudine
889 3797 1144 3853 commorsos
1189 3766 1334 3855 subito
1375 3791 1589 3882 aegrotare
1630 3767 1829 3869 affirmat,

134 3920 265 4039 quasi
291 3951 458 4009 veneno
485 3922 674 4009 affectos
745 3927 872 4006 Mane
913 3942 961 4007 et
999 3904 1185 4035 vesperi,
1238 3950 1372 4032 quum
1399 3919 1445 4003 in
1472 3920 1630 4006 siccum
1658 3935 1829 4018 exeunt,

133 4096 273 4191 captu
314 4072 487 4176 faciles3
553 4106 581 4160 a
627 4071 800 4161 Graecis
840 4071 1076 4190 promiscue
1120 4075 1415 4172 comeduntur,
1483 4068 1590 4156 licet
1629 4067 1829 4186 paludem

128 4225 317 4344 sapiant.

264 4397 418 4491 „13.“
467 4386 870 4480 TESTUDO
942 4416 1157 4505 graeca.
1215 4386 1347 4486 TAB,
1404 4386 1458 4475 II.
1503 4370 1593 4504 fig.
1641 4407 1688 4472 Ι.

281 4538 334 4617 Τ.
373 4553 516 4618 sterno
555 4553 719 4617 scutum
756 4535 1017 4632 excedente,
1073 4534 1242 4617 artubus
1276 4527 1466 4645 digitatis
1491 4531 1600 4615 flavo
1625 4522 1828 4640 nigroque

141 4681 358 4788 hamus,
399 4683 539 4801 capite
563 4682 763 4797 colloque
790 4681 914 4768 fuscis
942 4686 1050 4769 flavo
1079 4681 1246 4768 striatis.

367 4834 558 4924 Testudo
585 4832 791 4921 terrestris
819 4833 1021 4951 vulgaris,
1078 4839 1170 4955 Raj.
1200 4834 1343 4950 quadr.
1373 4866 1414 4951 p.
1443 4844 1536 4942 243.

1358 4999 1383 5070 3
