<?xml version="1.0" encoding="UTF-8"?>
<!DOCTYPE html PUBLIC "-//W3C//DTD XHTML 1.0 Transitional//EN"
    "http://www.w3.org/TR/xhtml1/DTD/xhtml1-transitional.dtd">
<html xmlns="http://www.w3.org/1999/xhtml" xml:lang="en" lang="en">
 <head>
  <title>
</title>
<meta http-equiv="Content-Type" content="text/html;charset=utf-8" />
  <meta name='ocr-system' content='tesseract 3.04.00' />
  <meta name='ocr-capabilities' content='ocr_page ocr_carea ocr_par ocr_line ocrx_word'/>
</head>
<body>
  <div class='ocr_page' id='page_1' title='image "./zoographiarosso00pallgoog_0037.png"; bbox 0 0 4404 5902; ppageno 0'>
   <div class='ocr_carea' id='block_1_1' title="bbox 734 587 1740 700">
    <p class='ocr_par' dir='ltr' id='par_1_1' title="bbox 734 587 1740 700">
     <span class='ocr_line' id='line_1_1' title="bbox 734 587 1740 700; baseline -0.003 -1"><span class='ocrx_word' id='word_1_1' title='bbox 734 588 942 700; x_wconf 87' lang='lat' dir='ltr'>Genus</span> <span class='ocrx_word' id='word_1_2' title='bbox 991 592 1069 698; x_wconf 90' lang='lat' dir='ltr'>lll.</span> <span class='ocrx_word' id='word_1_3' title='bbox 1143 587 1740 696; x_wconf 83' lang='lat' dir='ltr'>LACERTAE.</span> 
     </span>
    </p>
   </div>
   <div class='ocr_carea' id='block_1_2' title="bbox 389 889 2089 2829">
    <p class='ocr_par' dir='ltr' id='par_1_2' title="bbox 389 889 2089 2829">
     <span class='ocr_line' id='line_1_2' title="bbox 529 889 2081 1008; baseline -0.002 -30"><span class='ocrx_word' id='word_1_4' title='bbox 529 896 793 978; x_wconf 81' lang='lat' dir='ltr'>Lacertarum</span> <span class='ocrx_word' id='word_1_5' title='bbox 820 922 951 1007; x_wconf 86' lang='lat' dir='ltr'>genus</span> <span class='ocrx_word' id='word_1_6' title='bbox 977 891 1354 1008; x_wconf 84' lang='lat' dir='ltr'>elegantissimum,</span> <span class='ocrx_word' id='word_1_7' title='bbox 1408 889 1684 1007; x_wconf 83' lang='lat' dir='ltr'>egilissimum</span> <span class='ocrx_word' id='word_1_8' title='bbox 1710 891 1959 1004; x_wconf 85' lang='lat' dir='ltr'>plerumque</span> <span class='ocrx_word' id='word_1_9' title='bbox 1987 920 2081 975; x_wconf 85' lang='lat' dir='ltr'>mu·</span> 
     </span>
     <span class='ocr_line' id='line_1_3' title="bbox 391 1041 2087 1160; baseline -0.003 -29"><span class='ocrx_word' id='word_1_10' title='bbox 391 1068 505 1149; x_wconf 87' lang='lat' dir='ltr'>tum,</span> <span class='ocrx_word' id='word_1_11' title='bbox 548 1069 592 1129; x_wconf 89' lang='lat' dir='ltr'>et</span> <span class='ocrx_word' id='word_1_12' title='bbox 633 1044 738 1128; x_wconf 86' lang='lat' dir='ltr'>mire</span> <span class='ocrx_word' id='word_1_13' title='bbox 778 1045 962 1143; x_wconf 86' lang='lat' dir='ltr'>varium,</span> <span class='ocrx_word' id='word_1_14' title='bbox 1008 1048 1117 1160; x_wconf 89' lang='lat' dir='ltr'>apud</span> <span class='ocrx_word' id='word_1_15' title='bbox 1159 1074 1235 1128; x_wconf 91' lang='lat' dir='ltr'>nos</span> <span class='ocrx_word' id='word_1_16' title='bbox 1263 1044 1395 1128; x_wconf 88' lang='lat' dir='ltr'>etiam</span> <span class='ocrx_word' id='word_1_17' title='bbox 1423 1044 1468 1128; x_wconf 92' lang='lat' dir='ltr'>in</span> <span class='ocrx_word' id='word_1_18' title='bbox 1498 1041 1809 1127; x_wconf 88' lang='lat' dir='ltr'>australioribus</span> <span class='ocrx_word' id='word_1_19' title='bbox 1837 1042 2087 1156; x_wconf 79' lang='lat' dir='ltr'>regionibus</span> 
     </span>
     <span class='ocr_line' id='line_1_4' title="bbox 393 1188 2083 1313; baseline -0.001 -33"><span class='ocrx_word' id='word_1_20' title='bbox 393 1196 494 1281; x_wconf 83' lang='lat' dir='ltr'>satis</span> <span class='ocrx_word' id='word_1_21' title='bbox 521 1188 751 1281; x_wconf 78' lang='lat' dir='ltr'>numerosis</span> <span class='ocrx_word' id='word_1_22' title='bbox 779 1196 998 1311; x_wconf 87' lang='lat' dir='ltr'><strong>speciebus</strong></span> <span class='ocrx_word' id='word_1_23' title='bbox 1025 1198 1226 1313; x_wconf 89' lang='lat' dir='ltr'>pullulat,</span> <span class='ocrx_word' id='word_1_24' title='bbox 1281 1197 1381 1280; x_wconf 90' lang='lat' dir='ltr'>dum</span> <span class='ocrx_word' id='word_1_25' title='bbox 1410 1197 1534 1281; x_wconf 84' lang='lat' dir='ltr'>unica</span> <span class='ocrx_word' id='word_1_26' title='bbox 1563 1216 1726 1280; x_wconf 87' lang='lat' dir='ltr'>tantum</span> <span class='ocrx_word' id='word_1_27' title='bbox 1755 1192 1802 1277; x_wconf 91' lang='lat' dir='ltr'>in</span> <span class='ocrx_word' id='word_1_28' title='bbox 1830 1192 2083 1308; x_wconf 89' lang='lat' dir='ltr'>septentrio·</span> 
     </span>
     <span class='ocr_line' id='line_1_5' title="bbox 391 1345 2088 1464; baseline -0.002 -29"><span class='ocrx_word' id='word_1_29' title='bbox 391 1348 482 1436; x_wconf 88' lang='lat' dir='ltr'>nali</span> <span class='ocrx_word' id='word_1_30' title='bbox 510 1346 593 1432; x_wconf 90' lang='lat' dir='ltr'>situ</span> <span class='ocrx_word' id='word_1_31' title='bbox 620 1370 884 1464; x_wconf 82' lang='lat' dir='ltr'><strong>propagatur.</strong></span> <span class='ocrx_word' id='word_1_32' title='bbox 941 1349 1125 1433; x_wconf 89' lang='lat' dir='ltr'>Videtur</span> <span class='ocrx_word' id='word_1_33' title='bbox 1151 1347 1260 1433; x_wconf 88' lang='lat' dir='ltr'>ratio</span> <span class='ocrx_word' id='word_1_34' title='bbox 1285 1345 1409 1461; x_wconf 89' lang='lat' dir='ltr'>hujus</span> <span class='ocrx_word' id='word_1_35' title='bbox 1437 1379 1526 1435; x_wconf 85' lang='lat' dir='ltr'>esse</span> <span class='ocrx_word' id='word_1_36' title='bbox 1540 1408 1553 1447; x_wconf 90' lang='lat'>,</span> <span class='ocrx_word' id='word_1_37' title='bbox 1595 1348 1709 1460; x_wconf 90' lang='lat' dir='ltr'>quod</span> <span class='ocrx_word' id='word_1_38' title='bbox 1737 1345 1957 1461; x_wconf 84' lang='lat' dir='ltr'>oriparae,</span> <span class='ocrx_word' id='word_1_39' title='bbox 2002 1375 2088 1461; x_wconf 90' lang='lat' dir='ltr'>pro</span> 
     </span>
     <span class='ocr_line' id='line_1_6' title="bbox 392 1496 2086 1613; baseline -0.001 -30"><span class='ocrx_word' id='word_1_40' title='bbox 392 1503 639 1584; x_wconf 87' lang='lat' dir='ltr'>maturanda</span> <span class='ocrx_word' id='word_1_41' title='bbox 680 1499 882 1613; x_wconf 84' lang='lat' dir='ltr'>progenie</span> <span class='ocrx_word' id='word_1_42' title='bbox 922 1504 1096 1585; x_wconf 84' lang='lat' dir='ltr'>ardente</span> <span class='ocrx_word' id='word_1_43' title='bbox 1137 1500 1268 1612; x_wconf 83' lang='lat' dir='ltr'>magis</span> <span class='ocrx_word' id='word_1_44' title='bbox 1312 1500 1401 1584; x_wconf 88' lang='lat' dir='ltr'>sole</span> <span class='ocrx_word' id='word_1_45' title='bbox 1439 1523 1483 1584; x_wconf 90' lang='lat' dir='ltr'>et</span> <span class='ocrx_word' id='word_1_46' title='bbox 1511 1527 1684 1583; x_wconf 85' lang='lat' dir='ltr'>arenoso</span> <span class='ocrx_word' id='word_1_47' title='bbox 1712 1496 1825 1583; x_wconf 91' lang='lat' dir='ltr'>sicco</span> <span class='ocrx_word' id='word_1_48' title='bbox 1854 1498 1945 1582; x_wconf 90' lang='lat' dir='ltr'>solo</span> <span class='ocrx_word' id='word_1_49' title='bbox 1971 1497 2086 1582; x_wconf 89' lang='lat' dir='ltr'>indi·</span> 
     </span>
     <span class='ocr_line' id='line_1_7' title="bbox 393 1647 2081 1766; baseline -0.001 -32"><span class='ocrx_word' id='word_1_50' title='bbox 393 1671 531 1764; x_wconf 83' lang='lat' dir='ltr'>geant,</span> <span class='ocrx_word' id='word_1_51' title='bbox 561 1652 673 1763; x_wconf 90' lang='lat' dir='ltr'>quod</span> <span class='ocrx_word' id='word_1_52' title='bbox 704 1652 902 1764; x_wconf 86' lang='lat' dir='ltr'>exemplo</span> <span class='ocrx_word' id='word_1_53' title='bbox 930 1658 976 1734; x_wconf 89' lang='lat' dir='ltr'>L.</span> <span class='ocrx_word' id='word_1_54' title='bbox 1007 1660 1189 1737; x_wconf 79' lang='lat' dir='ltr'><strong><em>tauricae</em></strong></span> <span class='ocrx_word' id='word_1_55' title='bbox 1218 1651 1468 1764; x_wconf 88' lang='lat' dir='ltr'>praesertim</span> <span class='ocrx_word' id='word_1_56' title='bbox 1498 1652 1706 1766; x_wconf 90' lang='lat' dir='ltr'>probatur,</span> <span class='ocrx_word' id='word_1_57' title='bbox 1735 1647 1916 1763; x_wconf 91' lang='lat' dir='ltr'>quaein</span> <span class='ocrx_word' id='word_1_58' title='bbox 1946 1647 2081 1736; x_wconf 87' lang='lat' dir='ltr'>Cher·</span> 
     </span>
     <span class='ocr_line' id='line_1_8' title="bbox 394 1801 2082 1918; baseline -0.001 -30"><span class='ocrx_word' id='word_1_59' title='bbox 394 1830 543 1888; x_wconf 83' lang='lat' dir='ltr'>soneso</span> <span class='ocrx_word' id='word_1_60' title='bbox 568 1806 729 1884; x_wconf 87' lang='lat' dir='ltr'>taurica</span> <span class='ocrx_word' id='word_1_61' title='bbox 758 1802 863 1886; x_wconf 88' lang='lat' dir='ltr'>olim</span> <span class='ocrx_word' id='word_1_62' title='bbox 892 1801 1255 1915; x_wconf 81' lang='lat' dir='ltr'>frequentissima,</span> <span class='ocrx_word' id='word_1_63' title='bbox 1296 1827 1391 1918; x_wconf 92' lang='lat' dir='ltr'>post</span> <span class='ocrx_word' id='word_1_64' title='bbox 1419 1802 1635 1887; x_wconf 88' lang='lat' dir='ltr'>insecutos</span> <span class='ocrx_word' id='word_1_65' title='bbox 1664 1821 1748 1883; x_wconf 90' lang='lat' dir='ltr'>tres</span> <span class='ocrx_word' id='word_1_66' title='bbox 1777 1829 1906 1884; x_wconf 87' lang='lat' dir='ltr'>annos</span> <span class='ocrx_word' id='word_1_67' title='bbox 1934 1806 2082 1910; x_wconf 78' lang='lat'><strong>(1603.</strong></span> 
     </span>
     <span class='ocr_line' id='line_1_9' title="bbox 391 1950 2085 2067; baseline 0.001 -31"><span class='ocrx_word' id='word_1_68' title='bbox 391 1959 602 2063; x_wconf 77' lang='lat'>-1805.)</span> <span class='ocrx_word' id='word_1_69' title='bbox 643 1955 870 2037; x_wconf 79' lang='lat' dir='ltr'>admodum</span> <span class='ocrx_word' id='word_1_70' title='bbox 910 1955 1124 2067; x_wconf 84' lang='lat' dir='ltr'>pluviosus</span> <span class='ocrx_word' id='word_1_71' title='bbox 1164 1976 1207 2036; x_wconf 90' lang='lat' dir='ltr'>et</span> <span class='ocrx_word' id='word_1_72' title='bbox 1250 1955 1450 2039; x_wconf 90' lang='lat' dir='ltr'>continua</span> <span class='ocrx_word' id='word_1_73' title='bbox 1490 1950 1743 2066; x_wconf 85' lang='lat' dir='ltr'>intemperie</span> <span class='ocrx_word' id='word_1_74' title='bbox 1781 1950 1978 2056; x_wconf 79' lang='lat' dir='ltr'>infames,</span> <span class='ocrx_word' id='word_1_75' title='bbox 2019 1950 2085 2037; x_wconf 87' lang='lat' dir='ltr'>ita</span> 
     </span>
     <span class='ocr_line' id='line_1_10' title="bbox 391 2102 2089 2219; baseline 0 -29"><span class='ocrx_word' id='word_1_76' title='bbox 391 2135 503 2191; x_wconf 88' lang='lat' dir='ltr'>nunc</span> <span class='ocrx_word' id='word_1_77' title='bbox 544 2102 696 2218; x_wconf 89' lang='lat' dir='ltr'>periit,</span> <span class='ocrx_word' id='word_1_78' title='bbox 746 2127 793 2187; x_wconf 91' lang='lat' dir='ltr'>ut</span> <span class='ocrx_word' id='word_1_79' title='bbox 834 2103 909 2188; x_wconf 82' lang='lat' dir='ltr'>vix</span> <span class='ocrx_word' id='word_1_80' title='bbox 950 2137 1075 2188; x_wconf 87' lang='lat' dir='ltr'>unam</span> <span class='ocrx_word' id='word_1_81' title='bbox 1119 2107 1187 2188; x_wconf 88' lang='lat' dir='ltr'>vel</span> <span class='ocrx_word' id='word_1_82' title='bbox 1216 2103 1390 2187; x_wconf 89' lang='lat' dir='ltr'>alteram</span> <span class='ocrx_word' id='word_1_83' title='bbox 1419 2136 1497 2219; x_wconf 90' lang='lat' dir='ltr'>per</span> <span class='ocrx_word' id='word_1_84' title='bbox 1524 2104 1665 2218; x_wconf 85' lang='lat' dir='ltr'>plures</span> <span class='ocrx_word' id='word_1_85' title='bbox 1692 2133 1820 2188; x_wconf 90' lang='lat' dir='ltr'>annos</span> <span class='ocrx_word' id='word_1_86' title='bbox 1848 2102 2089 2190; x_wconf 84' lang='lat' dir='ltr'>hincinde</span> 
     </span>
     <span class='ocr_line' id='line_1_11' title="bbox 391 2253 2086 2370; baseline -0.001 -27"><span class='ocrx_word' id='word_1_87' title='bbox 391 2257 611 2343; x_wconf 81' lang='lat' dir='ltr'>offendere</span> <span class='ocrx_word' id='word_1_88' title='bbox 638 2256 822 2340; x_wconf 89' lang='lat' dir='ltr'>daretur.</span> <span class='ocrx_word' id='word_1_89' title='bbox 869 2308 917 2323; x_wconf 89' lang='lat'>-</span> <span class='ocrx_word' id='word_1_90' title='bbox 976 2254 1188 2339; x_wconf 85' lang='lat' dir='ltr'>Hodierni</span> <span class='ocrx_word' id='word_1_91' title='bbox 1234 2255 1427 2367; x_wconf 83' lang='lat' dir='ltr'>plerique</span> <span class='ocrx_word' id='word_1_92' title='bbox 1457 2254 1635 2369; x_wconf 85' lang='lat' dir='ltr'>Zoologi</span> <span class='ocrx_word' id='word_1_93' title='bbox 1662 2253 1746 2339; x_wconf 92' lang='lat' dir='ltr'>lroc</span> <span class='ocrx_word' id='word_1_94' title='bbox 1774 2284 1904 2370; x_wconf 84' lang='lat' dir='ltr'>genus</span> <span class='ocrx_word' id='word_1_95' title='bbox 1930 2255 2086 2342; x_wconf 80' lang='lat' dir='ltr'>ordine</span> 
     </span>
     <span class='ocr_line' id='line_1_12' title="bbox 392 2404 2085 2522; baseline 0.002 -30"><span class='ocrx_word' id='word_1_96' title='bbox 392 2406 707 2522; x_wconf 81' lang='lat' dir='ltr'>aSerpentibus</span> <span class='ocrx_word' id='word_1_97' title='bbox 737 2407 999 2506; x_wconf 81' lang='lat' dir='ltr'>alienamnt3</span> <span class='ocrx_word' id='word_1_98' title='bbox 1030 2411 1102 2491; x_wconf 92' lang='lat' dir='ltr'>sed</span> <span class='ocrx_word' id='word_1_99' title='bbox 1132 2404 1376 2492; x_wconf 86' lang='lat' dir='ltr'>continuam</span> <span class='ocrx_word' id='word_1_100' title='bbox 1406 2407 1611 2494; x_wconf 86' lang='lat' dir='ltr'>familiam</span> <span class='ocrx_word' id='word_1_101' title='bbox 1638 2436 1727 2491; x_wconf 87' lang='lat' dir='ltr'>esse</span> <span class='ocrx_word' id='word_1_102' title='bbox 1754 2407 1910 2492; x_wconf 81' lang='lat' dir='ltr'>illustri</span> <span class='ocrx_word' id='word_1_103' title='bbox 1936 2437 2085 2495; x_wconf 86' lang='lat' dir='ltr'>exem·</span> 
     </span>
     <span class='ocr_line' id='line_1_13' title="bbox 389 2559 2086 2677; baseline 0.002 -34"><span class='ocrx_word' id='word_1_104' title='bbox 389 2560 466 2677; x_wconf 89' lang='lat' dir='ltr'>plo</span> <span class='ocrx_word' id='word_1_105' title='bbox 492 2560 648 2642; x_wconf 85' lang='lat' dir='ltr'>docent</span> <span class='ocrx_word' id='word_1_106' title='bbox 674 2560 899 2644; x_wconf 75' lang='lat' dir='ltr'>Chalcidae</span> <span class='ocrx_word' id='word_1_107' title='bbox 927 2559 1090 2658; x_wconf 87' lang='lat' dir='ltr'>dictae,</span> <span class='ocrx_word' id='word_1_108' title='bbox 1117 2564 1289 2645; x_wconf 78' lang='lat' dir='ltr'>Lacerta</span> <span class='ocrx_word' id='word_1_109' title='bbox 1317 2569 1521 2672; x_wconf 81' lang='lat' dir='ltr'>anguina,</span> <span class='ocrx_word' id='word_1_110' title='bbox 1550 2560 1713 2673; x_wconf 75' lang='lat' dir='ltr'>Anguis</span> <span class='ocrx_word' id='word_1_111' title='bbox 1741 2561 1857 2673; x_wconf 83' lang='lat' dir='ltr'>bipes</span> <span class='ocrx_word' id='word_1_112' title='bbox 1883 2563 1936 2645; x_wconf 87' lang='lat' dir='ltr'>ad</span> <span class='ocrx_word' id='word_1_113' title='bbox 1952 2559 2086 2648; x_wconf 88' lang='lat' dir='ltr'>Chal·</span> 
     </span>
     <span class='ocr_line' id='line_1_14' title="bbox 390 2709 2079 2829; baseline 0 -30"><span class='ocrx_word' id='word_1_114' title='bbox 390 2710 509 2799; x_wconf 81' lang='lat' dir='ltr'>cidas</span> <span class='ocrx_word' id='word_1_115' title='bbox 531 2709 691 2825; x_wconf 88' lang='lat' dir='ltr'>pariter</span> <span class='ocrx_word' id='word_1_116' title='bbox 716 2709 935 2824; x_wconf 83' lang='lat' dir='ltr'>pertinens</span> <span class='ocrx_word' id='word_1_117' title='bbox 960 2733 1004 2794; x_wconf 88' lang='lat' dir='ltr'>et</span> <span class='ocrx_word' id='word_1_118' title='bbox 1031 2712 1277 2825; x_wconf 88' lang='lat' dir='ltr'>praesertim</span> <span class='ocrx_word' id='word_1_119' title='bbox 1305 2710 1516 2827; x_wconf 82' lang='lat' dir='ltr'>descripta</span> <span class='ocrx_word' id='word_1_120' title='bbox 1546 2743 1569 2794; x_wconf 89' lang='lat' dir='ltr'>a</span> <span class='ocrx_word' id='word_1_121' title='bbox 1595 2739 1664 2794; x_wconf 86' lang='lat' dir='ltr'>me</span> <span class='ocrx_word' id='word_1_122' title='bbox 1705 2715 1879 2797; x_wconf 79' lang='lat' dir='ltr'>Lacerta</span> <span class='ocrx_word' id='word_1_123' title='bbox 1912 2717 2079 2829; x_wconf 73' lang='lat' dir='ltr'>aporia,-</span> 
     </span>
    </p>
   </div>
   <div class='ocr_carea' id='block_1_3' title="bbox 388 2862 2085 2976">
    <p class='ocr_par' dir='ltr' id='par_1_3' title="bbox 388 2862 2085 2976">
     <span class='ocr_line' id='line_1_15' title="bbox 388 2862 2085 2976; baseline 0.002 -29"><span class='ocrx_word' id='word_1_124' title='bbox 388 2892 470 2948; x_wconf 90' lang='lat' dir='ltr'>nec</span> <span class='ocrx_word' id='word_1_125' title='bbox 511 2867 722 2944; x_wconf 85' lang='lat' dir='ltr'>Anatome</span> <span class='ocrx_word' id='word_1_126' title='bbox 766 2885 1005 2976; x_wconf 87' lang='lat' dir='ltr'>comparata</span> <span class='ocrx_word' id='word_1_127' title='bbox 1047 2865 1289 2975; x_wconf 84' lang='lat' dir='ltr'>refragatur.</span> <span class='ocrx_word' id='word_1_128' title='bbox 1363 2863 1502 2948; x_wconf 90' lang='lat' dir='ltr'>Multo</span> <span class='ocrx_word' id='word_1_129' title='bbox 1540 2862 1680 2946; x_wconf 89' lang='lat' dir='ltr'>minus</span> <span class='ocrx_word' id='word_1_130' title='bbox 1705 2894 1776 2947; x_wconf 89' lang='lat' dir='ltr'>eos</span> <span class='ocrx_word' id='word_1_131' title='bbox 1804 2866 2085 2970; x_wconf 80' lang='lat' dir='ltr'>laudaverim,</span> 
     </span>
    </p>
   </div>
   <div class='ocr_carea' id='block_1_4' title="bbox 389 3011 2086 3888">
    <p class='ocr_par' dir='ltr' id='par_1_4' title="bbox 389 3011 2086 3888">
     <span class='ocr_line' id='line_1_16' title="bbox 389 3011 2086 3128; baseline 0.004 -31"><span class='ocrx_word' id='word_1_132' title='bbox 389 3014 466 3128; x_wconf 87' lang='lat' dir='ltr'>qui</span> <span class='ocrx_word' id='word_1_133' title='bbox 494 3020 687 3096; x_wconf 88' lang='lat' dir='ltr'>Lacertas</span> <span class='ocrx_word' id='word_1_134' title='bbox 715 3012 760 3096; x_wconf 91' lang='lat' dir='ltr'>in</span> <span class='ocrx_word' id='word_1_135' title='bbox 786 3011 902 3096; x_wconf 82' lang='lat' dir='ltr'>varia</span> <span class='ocrx_word' id='word_1_136' title='bbox 930 3040 1083 3125; x_wconf 77' lang='lat' dir='ltr'>genera</span> <span class='ocrx_word' id='word_1_137' title='bbox 1113 3016 1422 3117; x_wconf 83' lang='lat' dir='ltr'>distraxerunt;</span> <span class='ocrx_word' id='word_1_138' title='bbox 1490 3014 1655 3128; x_wconf 83' lang='lat' dir='ltr'>generis</span> <span class='ocrx_word' id='word_1_139' title='bbox 1683 3016 1844 3100; x_wconf 88' lang='lat' dir='ltr'>etenim</span> <span class='ocrx_word' id='word_1_140' title='bbox 1872 3019 2086 3103; x_wconf 85' lang='lat' dir='ltr'>naturales</span> 
     </span>
     <span class='ocr_line' id='line_1_17' title="bbox 389 3160 2085 3270; baseline 0.001 -19"><span class='ocrx_word' id='word_1_141' title='bbox 389 3160 722 3268; x_wconf 78' lang='lat' dir='ltr'>subdivisiones,</span> <span class='ocrx_word' id='word_1_142' title='bbox 777 3163 1091 3250; x_wconf 86' lang='lat' dir='ltr'>characteribus</span> <span class='ocrx_word' id='word_1_143' title='bbox 1118 3197 1172 3250; x_wconf 90' lang='lat' dir='ltr'>ex</span> <span class='ocrx_word' id='word_1_144' title='bbox 1201 3166 1351 3252; x_wconf 88' lang='lat' dir='ltr'>habitu</span> <span class='ocrx_word' id='word_1_145' title='bbox 1378 3165 1668 3270; x_wconf 90' lang='lat' dir='ltr'>desumendis,</span> <span class='ocrx_word' id='word_1_146' title='bbox 1711 3166 2085 3270; x_wconf 84' lang='lat' dir='ltr'>determinandae,</span> 
     </span>
     <span class='ocr_line' id='line_1_18' title="bbox 391 3315 2084 3432; baseline 0.001 -30"><span class='ocrx_word' id='word_1_147' title='bbox 391 3320 499 3403; x_wconf 89' lang='lat' dir='ltr'>adeo</span> <span class='ocrx_word' id='word_1_148' title='bbox 527 3338 621 3400; x_wconf 91' lang='lat' dir='ltr'>sunt</span> <span class='ocrx_word' id='word_1_149' title='bbox 650 3315 826 3419; x_wconf 87' lang='lat' dir='ltr'>obviae,</span> <span class='ocrx_word' id='word_1_150' title='bbox 868 3339 913 3400; x_wconf 94' lang='lat' dir='ltr'>ut</span> <span class='ocrx_word' id='word_1_151' title='bbox 942 3316 1296 3432; x_wconf 88' lang='lat' dir='ltr'>multiplicatione</span> <span class='ocrx_word' id='word_1_152' title='bbox 1324 3317 1545 3403; x_wconf 88' lang='lat' dir='ltr'>nominum</span> <span class='ocrx_word' id='word_1_153' title='bbox 1571 3348 1657 3402; x_wconf 93' lang='lat' dir='ltr'>non</span> <span class='ocrx_word' id='word_1_154' title='bbox 1685 3316 1973 3432; x_wconf 84' lang='lat' dir='ltr'>indigeamus,</span> <span class='ocrx_word' id='word_1_155' title='bbox 2003 3351 2084 3404; x_wconf 90' lang='lat' dir='ltr'>nu·</span> 
     </span>
     <span class='ocr_line' id='line_1_19' title="bbox 389 3466 2082 3580; baseline 0.002 -28"><span class='ocrx_word' id='word_1_156' title='bbox 389 3497 555 3553; x_wconf 89' lang='lat' dir='ltr'>meroso</span> <span class='ocrx_word' id='word_1_157' title='bbox 584 3466 689 3550; x_wconf 88' lang='lat' dir='ltr'>licet</span> <span class='ocrx_word' id='word_1_158' title='bbox 715 3467 760 3550; x_wconf 89' lang='lat' dir='ltr'>ia</span> <span class='ocrx_word' id='word_1_159' title='bbox 789 3496 955 3580; x_wconf 81' lang='lat' dir='ltr'>genere.</span> <span class='ocrx_word' id='word_1_160' title='bbox 1012 3475 1096 3552; x_wconf 86' lang='lat' dir='ltr'>llas</span> <span class='ocrx_word' id='word_1_161' title='bbox 1124 3469 1433 3554; x_wconf 84' lang='lat' dir='ltr'>subdivisiones</span> <span class='ocrx_word' id='word_1_162' title='bbox 1461 3470 1671 3553; x_wconf 88' lang='lat' dir='ltr'>naturales</span> <span class='ocrx_word' id='word_1_163' title='bbox 1698 3471 1798 3554; x_wconf 90' lang='lat' dir='ltr'>satis</span> <span class='ocrx_word' id='word_1_164' title='bbox 1825 3472 1935 3554; x_wconf 87' lang='lat' dir='ltr'>bene</span> <span class='ocrx_word' id='word_1_165' title='bbox 1966 3470 2082 3556; x_wconf 87' lang='lat' dir='ltr'>indi·</span> 
     </span>
     <span class='ocr_line' id='line_1_20' title="bbox 391 3618 2085 3738; baseline 0.002 -34"><span class='ocrx_word' id='word_1_166' title='bbox 391 3619 506 3704; x_wconf 87' lang='lat' dir='ltr'>cavit</span> <span class='ocrx_word' id='word_1_167' title='bbox 535 3619 789 3727; x_wconf 71' lang='lat' dir='ltr'>Grneliuus</span> <span class='ocrx_word' id='word_1_168' title='bbox 818 3618 865 3702; x_wconf 93' lang='lat' dir='ltr'>in</span> <span class='ocrx_word' id='word_1_169' title='bbox 891 3619 1080 3705; x_wconf 86' lang='lat' dir='ltr'>editione</span> <span class='ocrx_word' id='word_1_170' title='bbox 1109 3626 1335 3705; x_wconf 81' lang='lat' dir='ltr'>Linaaeani</span> <span class='ocrx_word' id='word_1_171' title='bbox 1362 3631 1624 3733; x_wconf 79' lang='lat' dir='ltr'>systematis,</span> <span class='ocrx_word' id='word_1_172' title='bbox 1664 3644 1709 3707; x_wconf 88' lang='lat' dir='ltr'>ut</span> <span class='ocrx_word' id='word_1_173' title='bbox 1738 3653 1891 3738; x_wconf 87' lang='lat' dir='ltr'>paucas</span> <span class='ocrx_word' id='word_1_174' title='bbox 1917 3622 2085 3737; x_wconf 88' lang='lat' dir='ltr'>species</span> 
     </span>
     <span class='ocr_line' id='line_1_21' title="bbox 392 3771 2084 3888; baseline 0.005 -37"><span class='ocrx_word' id='word_1_175' title='bbox 392 3771 721 3885; x_wconf 77' lang='lat' dir='ltr'>transponendus</span> <span class='ocrx_word' id='word_1_176' title='bbox 761 3801 849 3856; x_wconf 84' lang='lat' dir='ltr'>esse</span> <span class='ocrx_word' id='word_1_177' title='bbox 889 3774 1078 3876; x_wconf 89' lang='lat' dir='ltr'>credam,</span> <span class='ocrx_word' id='word_1_178' title='bbox 1138 3772 1298 3888; x_wconf 86' lang='lat' dir='ltr'>aliquas</span> <span class='ocrx_word' id='word_1_179' title='bbox 1340 3797 1482 3859; x_wconf 88' lang='lat' dir='ltr'>tamen</span> <span class='ocrx_word' id='word_1_180' title='bbox 1539 3772 1718 3859; x_wconf 82' lang='lat' dir='ltr'>familias</span> <span class='ocrx_word' id='word_1_181' title='bbox 1767 3775 2084 3888; x_wconf 85' lang='lat' dir='ltr'>conjungendas</span> 
     </span>
    </p>
   </div>
   <div class='ocr_carea' id='block_1_5' title="bbox 584 3965 1900 4084">
    <p class='ocr_par' dir='ltr' id='par_1_5' title="bbox 584 3965 1900 4084">
     <span class='ocr_line' id='line_1_22' title="bbox 584 3965 1900 4084; baseline 0.002 -37"><span class='ocrx_word' id='word_1_182' title='bbox 584 3965 637 4048; x_wconf 75' lang='lat' dir='ltr'>A.</span> <span class='ocrx_word' id='word_1_183' title='bbox 666 3968 908 4053; x_wconf 82' lang='lat' dir='ltr'>Lacertae</span> <span class='ocrx_word' id='word_1_184' title='bbox 938 3978 1098 4084; x_wconf 83' lang='lat' dir='ltr'>capite</span> <span class='ocrx_word' id='word_1_185' title='bbox 1126 3990 1314 4072; x_wconf 88' lang='lat' dir='ltr'>retuso,</span> <span class='ocrx_word' id='word_1_186' title='bbox 1373 3969 1553 4055; x_wconf 83' lang='lat' dir='ltr'>subtus</span> <span class='ocrx_word' id='word_1_187' title='bbox 1582 3988 1900 4084; x_wconf 83' lang='lat' dir='ltr'>squamatae.</span> 
     </span>
    </p>
   </div>
   <div class='ocr_carea' id='block_1_6' title="bbox 520 4139 1954 4273">
    <p class='ocr_par' dir='ltr' id='par_1_6' title="bbox 520 4139 1954 4273">
     <span class='ocr_line' id='line_1_23' title="bbox 520 4139 1954 4273; baseline 0.001 -34"><span class='ocrx_word' id='word_1_188' title='bbox 520 4167 599 4251; x_wconf 69' lang='grc' dir='ltr'>η.</span> <span class='ocrx_word' id='word_1_189' title='bbox 674 4144 1073 4242; x_wconf 80' lang='lat' dir='ltr'>LA&#39;CERTA</span> <span class='ocrx_word' id='word_1_190' title='bbox 1147 4139 1954 4273; x_wconf 73' lang='lat' dir='ltr'>muricata.TAB.IV.jig&#39;.1.</span> 
     </span>
    </p>
   </div>
   <div class='ocr_carea' id='block_1_7' title="bbox 388 4377 2081 4951">
    <p class='ocr_par' dir='ltr' id='par_1_7' title="bbox 389 4377 2080 4644">
     <span class='ocr_line' id='line_1_24' title="bbox 527 4377 2080 4495; baseline 0.006 -39"><span class='ocrx_word' id='word_1_191' title='bbox 527 4377 575 4456; x_wconf 90' lang='lat' dir='ltr'>L.</span> <span class='ocrx_word' id='word_1_192' title='bbox 590 4377 747 4459; x_wconf 89' lang='lat' dir='ltr'>caudae</span> <span class='ocrx_word' id='word_1_193' title='bbox 776 4377 1042 4463; x_wconf 89' lang='lat' dir='ltr'>mucronibus</span> <span class='ocrx_word' id='word_1_194' title='bbox 1069 4378 1348 4464; x_wconf 86' lang='lat' dir='ltr'>verticillatae</span> <span class='ocrx_word' id='word_1_195' title='bbox 1375 4381 1618 4495; x_wconf 86' lang='lat' dir='ltr'>pedumque</span> <span class='ocrx_word' id='word_1_196' title='bbox 1646 4377 1830 4494; x_wconf 89' lang='lat' dir='ltr'>squamis</span> <span class='ocrx_word' id='word_1_197' title='bbox 1861 4407 2080 4467; x_wconf 86' lang='lat' dir='ltr'>mucrona·</span> 
     </span>
     <span class='ocr_line' id='line_1_25' title="bbox 389 4526 1553 4644; baseline -0.001 -30"><span class='ocrx_word' id='word_1_198' title='bbox 389 4526 469 4635; x_wconf 79' lang='lat' dir='ltr'>tis,</span> <span class='ocrx_word' id='word_1_199' title='bbox 498 4554 672 4641; x_wconf 88' lang='lat' dir='ltr'>corpore</span> <span class='ocrx_word' id='word_1_200' title='bbox 701 4530 1005 4631; x_wconf 88' lang='lat' dir='ltr'>submuricato,</span> <span class='ocrx_word' id='word_1_201' title='bbox 1046 4530 1310 4644; x_wconf 84' lang='lat' dir='ltr'>parotidibus</span> <span class='ocrx_word' id='word_1_202' title='bbox 1340 4532 1553 4615; x_wconf 87' lang='lat' dir='ltr'>aculeatis.</span> 
     </span>
    </p>

    <p class='ocr_par' dir='ltr' id='par_1_8' title="bbox 388 4675 2081 4951">
     <span class='ocr_line' id='line_1_26' title="bbox 528 4675 2081 4797; baseline 0.006 -36"><span class='ocrx_word' id='word_1_203' title='bbox 528 4682 579 4761; x_wconf 92' lang='lat' dir='ltr'>ln</span> <span class='ocrx_word' id='word_1_204' title='bbox 607 4675 760 4762; x_wconf 89' lang='lat' dir='ltr'>itinere</span> <span class='ocrx_word' id='word_1_205' title='bbox 794 4709 930 4764; x_wconf 84' lang='lat' dir='ltr'>versus</span> <span class='ocrx_word' id='word_1_206' title='bbox 954 4680 1160 4783; x_wconf 77' lang='lat' dir='ltr'>Persium,</span> <span class='ocrx_word' id='word_1_207' title='bbox 1190 4684 1357 4766; x_wconf 86' lang='lat' dir='ltr'>deserto</span> <span class='ocrx_word' id='word_1_208' title='bbox 1388 4682 1634 4796; x_wconf 87' lang='lat' dir='ltr'>praesertim</span> <span class='ocrx_word' id='word_1_209' title='bbox 1664 4690 1850 4797; x_wconf 84' lang='lat' dir='ltr'>Mogano</span> <span class='ocrx_word' id='word_1_210' title='bbox 1887 4684 2081 4771; x_wconf 77' lang='lat' dir='ltr'>observa·</span> 
     </span>
     <span class='ocr_line' id='line_1_27' title="bbox 388 4828 1950 4951; baseline 0.001 -32"><span class='ocrx_word' id='word_1_211' title='bbox 388 4851 478 4919; x_wconf 84' lang='lat' dir='ltr'>tam</span> <span class='ocrx_word' id='word_1_212' title='bbox 505 4828 835 4922; x_wconf 81' lang='lat' dir='ltr'>communicarit</span> <span class='ocrx_word' id='word_1_213' title='bbox 860 4832 1216 4951; x_wconf 82' lang='lat' dir='ltr'>Pbannacopoeus</span> <span class='ocrx_word' id='word_1_214' title='bbox 1243 4831 1592 4922; x_wconf 83' lang='lat' dir='ltr'>Astrachanensis</span> <span class='ocrx_word' id='word_1_215' title='bbox 1623 4838 1665 4922; x_wconf 85' lang='lat' dir='ltr'>S.</span> <span class='ocrx_word' id='word_1_216' title='bbox 1692 4837 1950 4923; x_wconf 73' lang='lat' dir='ltr'>Sauerrson.</span> 
     </span>
    </p>
   </div>
   <div class='ocr_carea' id='block_1_8' title="bbox 0 0 2206 5893">
    <p class='ocr_par' dir='ltr' id='par_1_9' title="bbox 0 0 2206 5893">
     <span class='ocr_line' id='line_1_28' title="bbox 0 0 2206 5893; baseline 0 0"><span class='ocrx_word' id='word_1_217' title='bbox 0 0 2206 5893; x_wconf 95' lang='lat' dir='ltr'> </span> 
     </span>
    </p>
   </div>
  </div>
 </body>
</html>
