4404 5902
755 272 1014 348 *²³³
1688 289 1776 376 ¹39

1040 413 1047 447 i

121 533 191 588 rum
210 500 366 585 lamina
388 497 509 615 prior
525 497 665 614 ‘spinis
695 532 733 582 α.
762 496 1048 602 breviaribus,
1078 496 1324 601 recurvatis,
1351 496 1701 613 ,subaequaiibun
1734 521 1781 584 et

120 653 254 767 ungulis
283 633 397 736 binis
423 683 546 767 supra
574 652 788 736 flabellum
816 648 989 735 branch.
1026 651 1306 765 prominulis3
1353 659 1478 736 υαὶυα
1504 652 1549 735 in
1580 655 1777 765 angulum

117 830 259 888 acutum
286 826 505 889 cutaceum
533 805 749 917 producta.
808 805 1043 929 flabellum
1069 805 1302 888 branchiale
1326 801 1625 887 sexradiaturn.
1674 806 1777 888 Cor·

112 987 178 1066 put
211 990 232 1040 a
273 955 416 1071 pinnis
453 953 736 1068 pectoralibus
778 927 932 1038 sensim
974 958 1240 1057 decrescens,
1299 955 1483 1039 anterius
1518 958 1776 1069 depressum.

109 1105 217 1192 dorso
241 1110 395 1223 plano,
426 1126 571 1188 ventre
599 1104 882 1218 planiusculo,
927 1135 1066 1190 versus
1094 1109 1270 1191 caudam
1294 1105 1453 1190 sensim
1480 1136 1777 1221 compressum.

106 1255 212 1344 Cutis
236 1259 474 1371 laevigata3
528 1263 603 1340 sed
623 1259 765 1366 fascio
791 1254 986 1369 utrinque
1009 1260 1245 1343 secundum
1278 1289 1320 1372 p.
1351 1259 1580 1362 dorsalem,
1639 1258 1780 1343 antico

102 1432 201 1492 arcu·
218 1408 418 1522 elliptico
441 1415 706 1519 conjunctae,
738 1439 866 1520 usque
893 1410 951 1491 ad
978 1413 1173 1511 caudam,
1202 1415 1333 1492 lineae
1361 1419 1571 1513 laterales,
1602 1440 1627 1493 a
1649 1412 1779 1494 dorso

95 1555 397 1645 descendentes
425 1589 502 1675 per
530 1559 670 1643 media
698 1563 854 1644 caudae
882 1561 1038 1658 latera,
1094 1583 1138 1644 et
1175 1580 1334 1645 tractus
1363 1591 1504 1645 versus
1532 1560 1681 1675 pinnas
1707 1590 1779 1676 pe·
1829 1632 1832 1643 .

86 1715 269 1796 cterales
299 1734 470 1823 anguste
498 1710 731 1825 incipiens,
786 1713 1017 1795 secundum
1046 1735 1237 1797 ventrem
1266 1711 1605 1826 longitudinalis,
1663 1741 1779 1796 are·

80 1855 221 1963 gione
249 1861 320 1947 ani
347 1862 560 1976 duplicata
587 1860 830 1946 latitudine·
849 1861 937 1946 ima
977 1846 1134 1946 caudae
1161 1865 1294 1947 latera
1318 1894 1550 1977 occupans,
1606 1892 1778 1977 exaspe-

72 2028 235 2133 rantur
261 2023 443 2132 squamis
470 2044 545 2128 per
568 2013 700 2098 series
741 2012 851 2124 (situ
878 2013 1079 2127 obliquo)
1119 2014 1312 2129 digestis,
1364 2013 1778 2127 semicotyloidibus,

65 2180 284 2251 convexo
313 2164 499 2278 margine
525 2164 892 2280 spinoso-ciliatis
920 2188 964 2249 et
991 2165 1241 2281 prominulis
1269 2170 1382 2279 (th.
1411 2169 1466 2252 Α.
1497 2187 1536 2250 et
1564 2169 1648 2278 B.).
1687 2172 1776 2249 Hae

61 2296 131 2392 in
169 2318 306 2403 fasciis
334 2316 566 2401 dorsalibus
595 2317 860 2431 quadruplici
881 2316 1013 2421 serie,
1072 2321 1126 2403 ad
1160 2317 1319 2402 lineam
1347 2319 1563 2402 lateralem
1594 2316 1777 2433 anterius

61 2472 202 2554 ⁸erie
229 2468 415 2583 simplici
441 2467 720 2566 obsoletiore,
749 2473 978 2575 secundum
1006 2466 1181 2554 caudam
1208 2470 1373 2587 duplici
1396 2491 1445 2552 et
1467 2468 1701 2583 asperiore,
1730 2466 1778 2552 in

56 2611 217 2735 Plaga
255 2622 421 2706 laterali
458 2624 618 2704 caudae
658 2619 842 2703 seriebus
879 2621 1068 2736 obliquis
1109 2621 1350 2736 dispositae.
1390 2629 1641 2707 ‘Praeterea
1667 2652 1783 2740 paren,

50 2764 357 2886 triangularis
383 2801 493 2886 pone
522 2771 671 2888 pinnas
699 2773 945 2886 pectorales,
977 2772 1203 2876 similibus,
1228 2777 1307 2859 sed
1336 2775 1568 2861 minoribus
1595 2771 1785 2886 squamis

56 2933 280 3035 asperata
309 2929 382 3036 (*).
440 2928 570 3008 Pinna
614 2926 725 3034 dorsi
759 2923 980 3020 continua,
1034 2924 1264 3038 tripartita,
1322 2929 1434 3010 lusca
1464 2925 1775 3038 subvariegata;

54 3087 227 3163 Porcio
255 3074 391 3191 prima
417 3074 653 3178 triradiata,
683 3078 859 3160 secunda
888 3073 1171 3160 octoradiataz
1215 3075 1295 3160 hae
1325 3077 1458 3190 spinis
1475 3075 1660 3192 ⁸rigidis5
1700 3107 1775 3189 po·

50 3229 197 3310 'tica
224 3258 318 3342 pars
346 3227 473 3312 radiis
502 3262 566 3311 21.
597 3224 728 3340 magis
757 3226 983 3338 elongatis,
1040 3226 1330 3340 simplicibus,
1387 3252 1429 3313 at
1469 3258 1553 3312 non
1581 3225 1775 3339 spinosis.

48 3354 125 3449 Ρ·
183 3386 406 3493 pectorales
447 3408 641 3492 magnae,
700 3376 962 3462 semi-orali
1007 3380 1277 3481 alae'forrnes,
1328 3382 1534 3494 profunde
1578 3399 1776 3482 serratas,

51 3508 252 3635 fuscae,
281 3531 410 3615 fascia
437 3530 578 3616 media
607 3533 710 3634 lata,
755 3528 930 3643 hyalino
960 3527 1218 3633 virescente,
1258 3529 1387 3614 radiis
1422 3544 1467 3616 15
1497 3532 1549 3615 ad
1587 3528 1779 3641 17.sim·

50 3666 297 3785 plicibus,
330 3681 449 3796 apice
478 3681 773 3766 eminentibus.
830 3684 874 3764 P.
903 3688 1103 3766 ventraies
1131 3703 1356 3794 angustae,
1388 3679 1648 3766 acuminatas
1678 3710 1777 3795 qua·

52 3807 369 3938 driradiatae,
399 3837 621 3938 flaventes,
651 3834 770 3918 radio
797 3832 936 3950 primo
964 3834 1095 3919 fulvo.
1150 3835 1198 3919 P.
1224 3842 1298 3920 ani
1326 3855 1577 3932 tamen-tosa,
1606 3835 1682 3918 rad
1717 3867 1775 3948 ¹7·

54 4071 729 4121 χ--ῄ-

110 4266 197 4363 (’)
224 4284 278 4345 Ex
300 4280 403 4342 ¹omni
424 4275 494 4344 hac
520 4278 762 4368 descriptione
786 4279 931 4369 liquet,
959 4285 988 4349 si
1015 4301 1226 4370 comparare
1255 4280 1364 4368 velis,
1403 4298 1486 4348 cum
1509 4276 1775 4369 hemilepidoto

222 4420 323 4480 meo,
352 4403 510 4486 speciem
536 4397 629 4469 hanc
656 4399 707 4465 nil
732 4405 800 4466 nisi
825 4407 1039 4470 varietatem
1065 4402 1317 4492 hemilepidoti
1344 4405 1415 4468 mei
1442 4398 1502 4466 vel
1531 4404 1669 4487 Scorpii
1696 4399 1775 4466 Pal·

190 4521 316 4586 ¹lussit
340 4523 410 4607 jam
434 4519 501 4585 sub
526 4525 734 4608 synonymis
763 4522 970 4611 descripti,
997 4543 1021 4588 a
1047 4522 1206 4589 Stellem
1233 4528 1377 4590 missam
1405 4526 1628 4588 exsiccatam
1654 4519 1775 4586 fuisse.

216 4645 409 4708 Praeterea
435 4644 554 4707 icones
580 4640 657 4707 divi
668 4644 759 4726 Viri,
787 4643 832 4708 ab
858 4646 1034 4730 imperitis
1060 4644 1264 4711 delineatae
1291 4631 1597 4729 descriptionibus
1624 4643 1776 4727 egregiis

216 4760 381 4852 ejusdem
404 4763 586 4831 interdum
612 4765 677 4830 vix
702 4763 833 4854 dignae
858 4771 897 4834 et
919 4764 1137 4855 plerumque
1162 4765 1329 4856 indignae
1356 4769 1453 4834 sunt.
1503 4757 1541 4832 T
1567 4805 1580 4831 .
1605 4806 1618 4831 .
1643 4803 1664 4865 0,
1678 4807 1693 4829 .
1718 4780 1744 4830 t.

439 4896 441 4898 ,
1317 4887 1356 4930 ,.
1739 4898 1742 4903 ,
