<?xml version="1.0" encoding="UTF-8"?>
<!DOCTYPE html PUBLIC "-//W3C//DTD XHTML 1.0 Transitional//EN"
    "http://www.w3.org/TR/xhtml1/DTD/xhtml1-transitional.dtd">
<html xmlns="http://www.w3.org/1999/xhtml" xml:lang="en" lang="en">
 <head>
  <title>
</title>
<meta http-equiv="Content-Type" content="text/html;charset=utf-8" />
  <meta name='ocr-system' content='tesseract 3.04.00' />
  <meta name='ocr-capabilities' content='ocr_page ocr_carea ocr_par ocr_line ocrx_word'/>
</head>
<body>
  <div class='ocr_page' id='page_1' title='image "./zoographiarosso00pallgoog_0053.png"; bbox 0 0 4404 5902; ppageno 0'>
   <div class='ocr_carea' id='block_1_1' title="bbox 395 332 1311 439">
    <p class='ocr_par' dir='ltr' id='par_1_1' title="bbox 395 332 1311 439">
     <span class='ocr_line' id='line_1_1' title="bbox 395 332 1311 439; baseline -0.007 -21"><span class='ocrx_word' id='word_1_1' title='bbox 395 332 459 439; x_wconf 72' lang='lat'><strong>26</strong></span> <span class='ocrx_word' id='word_1_2' title='bbox 1160 355 1311 412; x_wconf 63' lang='grc' dir='ltr'><strong>ξε</strong></span> 
     </span>
    </p>
   </div>
   <div class='ocr_carea' id='block_1_2' title="bbox 389 551 2095 2346">
    <p class='ocr_par' dir='ltr' id='par_1_2' title="bbox 389 551 2095 2346">
     <span class='ocr_line' id='line_1_2' title="bbox 535 551 2092 673; baseline 0 -28"><span class='ocrx_word' id='word_1_3' title='bbox 535 559 648 647; x_wconf 84' lang='lat' dir='ltr'><strong>Not.</strong></span> <span class='ocrx_word' id='word_1_4' title='bbox 704 561 755 642; x_wconf 91' lang='lat' dir='ltr'><strong>In</strong></span> <span class='ocrx_word' id='word_1_5' title='bbox 782 552 1089 644; x_wconf 86' lang='lat' dir='ltr'><strong>borealioribus</strong></span> <span class='ocrx_word' id='word_1_6' title='bbox 1117 577 1287 672; x_wconf 86' lang='lat' dir='ltr'><strong>torques</strong></span> <span class='ocrx_word' id='word_1_7' title='bbox 1315 557 1413 643; x_wconf 90' lang='lat' dir='ltr'><strong>alba</strong></span> <span class='ocrx_word' id='word_1_8' title='bbox 1438 555 1510 642; x_wconf 82' lang='lat' dir='ltr'><strong>vel</strong></span> <span class='ocrx_word' id='word_1_9' title='bbox 1537 552 1717 672; x_wconf 90' lang='lat' dir='ltr'><strong>pallida,</strong></span> <span class='ocrx_word' id='word_1_10' title='bbox 1766 551 1813 640; x_wconf 93' lang='lat' dir='ltr'><strong>in</strong></span> <span class='ocrx_word' id='word_1_11' title='bbox 1839 555 2092 673; x_wconf 75' lang='lat' dir='ltr'><strong>temperatis</strong></span> 
     </span>
     <span class='ocr_line' id='line_1_3' title="bbox 394 706 2095 825; baseline -0.001 -26"><span class='ocrx_word' id='word_1_12' title='bbox 394 736 441 800; x_wconf 90' lang='lat' dir='ltr'><strong>et</strong></span> <span class='ocrx_word' id='word_1_13' title='bbox 467 709 618 796; x_wconf 84' lang='lat' dir='ltr'><strong>calidis</strong></span> <span class='ocrx_word' id='word_1_14' title='bbox 648 713 779 815; x_wconf 88' lang='lat' dir='ltr'><strong>flava,</strong></span> <span class='ocrx_word' id='word_1_15' title='bbox 813 712 946 816; x_wconf 80' lang='lat' dir='ltr'><strong>fulva,</strong></span> <span class='ocrx_word' id='word_1_16' title='bbox 992 712 1082 795; x_wconf 89' lang='lat' dir='ltr'><strong>imo</strong></span> <span class='ocrx_word' id='word_1_17' title='bbox 1111 708 1227 793; x_wconf 89' lang='lat' dir='ltr'><strong>fulvo</strong></span> <span class='ocrx_word' id='word_1_18' title='bbox 1244 711 1406 794; x_wconf 89' lang='lat' dir='ltr'><strong>·rubra.</strong></span> <span class='ocrx_word' id='word_1_19' title='bbox 1462 710 1533 792; x_wconf 85' lang='lat' dir='ltr'><strong>Ad</strong></span> <span class='ocrx_word' id='word_1_20' title='bbox 1565 708 1657 824; x_wconf 90' lang='lat' dir='ltr'><strong>plus</strong></span> <span class='ocrx_word' id='word_1_21' title='bbox 1685 737 1817 823; x_wconf 90' lang='lat' dir='ltr'><strong>quam</strong></span> <span class='ocrx_word' id='word_1_22' title='bbox 1843 706 2095 825; x_wconf 84' lang='lat' dir='ltr'><strong>bipedalem</strong></span> 
     </span>
     <span class='ocr_line' id='line_1_4' title="bbox 394 857 2091 980; baseline -0.003 -28"><span class='ocrx_word' id='word_1_23' title='bbox 394 861 709 980; x_wconf 83' lang='lat' dir='ltr'><strong>longitudinem</strong></span> <span class='ocrx_word' id='word_1_24' title='bbox 737 862 958 947; x_wconf 81' lang='lat' dir='ltr'><strong>excrescit.</strong></span> <span class='ocrx_word' id='word_1_25' title='bbox 1018 864 1145 947; x_wconf 84' lang='lat' dir='ltr'><strong>Color</strong></span> <span class='ocrx_word' id='word_1_26' title='bbox 1173 890 1295 977; x_wconf 86' lang='lat' dir='ltr'><strong>supra</strong></span> <span class='ocrx_word' id='word_1_27' title='bbox 1324 863 1484 966; x_wconf 87' lang='lat' dir='ltr'><strong>fuscus,</strong></span> <span class='ocrx_word' id='word_1_28' title='bbox 1514 890 1610 945; x_wconf 90' lang='lat' dir='ltr'><strong>raro</strong></span> <span class='ocrx_word' id='word_1_29' title='bbox 1635 857 1808 975; x_wconf 88' lang='lat' dir='ltr'><strong>punctis</strong></span> <span class='ocrx_word' id='word_1_30' title='bbox 1835 857 1938 945; x_wconf 88' lang='lat' dir='ltr'><strong>raris</strong></span> <span class='ocrx_word' id='word_1_31' title='bbox 1966 860 2091 947; x_wconf 87' lang='lat' dir='ltr'><strong>flavis</strong></span> 
     </span>
     <span class='ocr_line' id='line_1_5' title="bbox 396 1012 2093 1132; baseline -0.002 -28"><span class='ocrx_word' id='word_1_32' title='bbox 396 1021 638 1132; x_wconf 87' lang='lat' dir='ltr'><strong>adspersus;</strong></span> <span class='ocrx_word' id='word_1_33' title='bbox 670 1012 797 1100; x_wconf 88' lang='lat' dir='ltr'><strong>scutis</strong></span> <span class='ocrx_word' id='word_1_34' title='bbox 826 1015 1003 1128; x_wconf 83' lang='lat' dir='ltr'><strong>nigrior,</strong></span> <span class='ocrx_word' id='word_1_35' title='bbox 1034 1013 1196 1127; x_wconf 90' lang='lat' dir='ltr'><strong>pallido</strong></span> <span class='ocrx_word' id='word_1_36' title='bbox 1224 1013 1294 1096; x_wconf 86' lang='lat' dir='ltr'><strong>vel</strong></span> <span class='ocrx_word' id='word_1_37' title='bbox 1323 1014 1419 1098; x_wconf 90' lang='lat' dir='ltr'><strong>albo</strong></span> <span class='ocrx_word' id='word_1_38' title='bbox 1448 1013 1693 1110; x_wconf 89' lang='lat' dir='ltr'><strong>tessulatus,</strong></span> <span class='ocrx_word' id='word_1_39' title='bbox 1722 1012 1971 1126; x_wconf 87' lang='lat' dir='ltr'><strong>praesertim</strong></span> <span class='ocrx_word' id='word_1_40' title='bbox 1998 1044 2093 1100; x_wconf 78' lang='lat' dir='ltr'><strong>ver·</strong></span> 
     </span>
     <span class='ocr_line' id='line_1_6' title="bbox 395 1163 2095 1282; baseline -0.002 -27"><span class='ocrx_word' id='word_1_41' title='bbox 395 1199 463 1255; x_wconf 79' lang='lat' dir='ltr'><strong>sus</strong></span> <span class='ocrx_word' id='word_1_42' title='bbox 492 1166 702 1252; x_wconf 82' lang='lat' dir='ltr'><strong>anteriora</strong></span> <span class='ocrx_word' id='word_1_43' title='bbox 729 1167 938 1281; x_wconf 79' lang='lat' dir='ltr'><strong>corporis3</strong></span> <span class='ocrx_word' id='word_1_44' title='bbox 968 1166 1199 1250; x_wconf 81' lang='lat' dir='ltr'><strong>Galacum</strong></span> <span class='ocrx_word' id='word_1_45' title='bbox 1228 1164 1401 1249; x_wconf 83' lang='lat' dir='ltr'><strong>maxilla</strong></span> <span class='ocrx_word' id='word_1_46' title='bbox 1429 1163 1629 1250; x_wconf 83' lang='lat' dir='ltr'><strong>inferiore</strong></span> <span class='ocrx_word' id='word_1_47' title='bbox 1656 1185 1746 1247; x_wconf 90' lang='lat' dir='ltr'><strong>tota</strong></span> <span class='ocrx_word' id='word_1_48' title='bbox 1764 1164 1876 1263; x_wconf 86' lang='lat' dir='ltr'><strong>alba,</strong></span> <span class='ocrx_word' id='word_1_49' title='bbox 1905 1166 2095 1282; x_wconf 86' lang='lat' dir='ltr'><strong>superio·</strong></span> 
     </span>
     <span class='ocr_line' id='line_1_7' title="bbox 394 1288 2095 1433; baseline -0.001 -25"><span class='ocrx_word' id='word_1_50' title='bbox 394 1288 454 1408; x_wconf 79' lang='lat' dir='ltr'><strong>tis</strong></span> <span class='ocrx_word' id='word_1_51' title='bbox 484 1349 625 1433; x_wconf 89' lang='lat' dir='ltr'><strong>margo</strong></span> <span class='ocrx_word' id='word_1_52' title='bbox 655 1319 750 1403; x_wconf 89' lang='lat' dir='ltr'><strong>albo</strong></span> <span class='ocrx_word' id='word_1_53' title='bbox 779 1319 1028 1431; x_wconf 85' lang='lat' dir='ltr'><strong>variegatus.</strong></span> <span class='ocrx_word' id='word_1_54' title='bbox 1046 1369 1092 1382; x_wconf 93' lang='lat'>-</span> <span class='ocrx_word' id='word_1_55' title='bbox 1117 1316 1383 1401; x_wconf 89' lang='lat' dir='ltr'><strong>Varietatem</strong></span> <span class='ocrx_word' id='word_1_56' title='bbox 1404 1315 1450 1401; x_wconf 91' lang='lat' dir='ltr'><strong>in</strong></span> <span class='ocrx_word' id='word_1_57' title='bbox 1470 1337 1683 1402; x_wconf 88' lang='lat' dir='ltr'><strong>scutorum</strong></span> <span class='ocrx_word' id='word_1_58' title='bbox 1706 1337 1750 1399; x_wconf 93' lang='lat' dir='ltr'><strong>et</strong></span> <span class='ocrx_word' id='word_1_59' title='bbox 1771 1316 2095 1406; x_wconf 88' lang='lat' dir='ltr'><strong>subcaudalium</strong></span> 
     </span>
     <span class='ocr_line' id='line_1_8' title="bbox 396 1467 2092 1588; baseline 0 -31"><span class='ocrx_word' id='word_1_60' title='bbox 396 1502 659 1588; x_wconf 85' lang='lat' dir='ltr'><strong>squamarum</strong></span> <span class='ocrx_word' id='word_1_61' title='bbox 700 1500 874 1554; x_wconf 71' lang='lat' dir='ltr'><strong>,suniero</strong></span> <span class='ocrx_word' id='word_1_62' title='bbox 916 1473 1004 1553; x_wconf 84' lang='lat' dir='ltr'><strong>fuse</strong></span> <span class='ocrx_word' id='word_1_63' title='bbox 1044 1467 1242 1584; x_wconf 83' lang='lat' dir='ltr'><strong>exposuit</strong></span> <span class='ocrx_word' id='word_1_64' title='bbox 1282 1471 1536 1554; x_wconf 80' lang='lat' dir='ltr'><strong>Gmelinus</strong></span> <span class='ocrx_word' id='word_1_65' title='bbox 1574 1469 1622 1553; x_wconf 87' lang='lat' dir='ltr'><strong>in</strong></span> <span class='ocrx_word' id='word_1_66' title='bbox 1663 1471 1775 1580; x_wconf 76' lang='lat' dir='ltr'><strong>Syn.</strong></span> <span class='ocrx_word' id='word_1_67' title='bbox 1816 1472 1907 1553; x_wconf 84' lang='lat' dir='ltr'><strong>Lin.</strong></span> <span class='ocrx_word' id='word_1_68' title='bbox 1936 1471 2016 1554; x_wconf 88' lang='lat' dir='ltr'><strong>Ill.</strong></span> <span class='ocrx_word' id='word_1_69' title='bbox 2046 1504 2092 1585; x_wconf 85' lang='lat' dir='ltr'><strong>p.</strong></span> 
     </span>
     <span class='ocr_line' id='line_1_9' title="bbox 400 1617 2093 1707; baseline -0.001 0"><span class='ocrx_word' id='word_1_70' title='bbox 400 1657 519 1707; x_wconf 88' lang='lat' dir='ltr'><strong>rroo.</strong></span> <span class='ocrx_word' id='word_1_71' title='bbox 587 1621 776 1706; x_wconf 83' lang='lat' dir='ltr'><strong>Maxime</strong></span> <span class='ocrx_word' id='word_1_72' title='bbox 817 1624 1055 1706; x_wconf 85' lang='lat' dir='ltr'><strong>aberrantes</strong></span> <span class='ocrx_word' id='word_1_73' title='bbox 1096 1618 1262 1705; x_wconf 89' lang='lat' dir='ltr'><strong>numeri</strong></span> <span class='ocrx_word' id='word_1_74' title='bbox 1306 1617 1416 1703; x_wconf 92' lang='lat' dir='ltr'><strong>mihi</strong></span> <span class='ocrx_word' id='word_1_75' title='bbox 1453 1618 1664 1705; x_wconf 86' lang='lat' dir='ltr'><strong>observati</strong></span> <span class='ocrx_word' id='word_1_76' title='bbox 1691 1644 1802 1705; x_wconf 86' lang='lat' dir='ltr'><strong>sunt.</strong></span> <span class='ocrx_word' id='word_1_77' title='bbox 1871 1624 2033 1706; x_wconf 85' lang='lat' dir='ltr'><strong>Scutor.</strong></span> <span class='ocrx_word' id='word_1_78' title='bbox 2065 1653 2093 1706; x_wconf 85' lang='lat' dir='ltr'><strong>a</strong></span> 
     </span>
     <span class='ocr_line' id='line_1_10' title="bbox 399 1731 2092 1888; baseline 0.001 -30"><span class='ocrx_word' id='word_1_79' title='bbox 399 1788 490 1881; x_wconf 75' lang='lat'><strong>169.</strong></span> <span class='ocrx_word' id='word_1_80' title='bbox 520 1777 572 1858; x_wconf 89' lang='lat' dir='ltr'><strong>ad</strong></span> <span class='ocrx_word' id='word_1_81' title='bbox 609 1731 694 1885; x_wconf 76' lang='lat' dir='ltr'><strong>r7i3.</strong></span> <span class='ocrx_word' id='word_1_82' title='bbox 740 1803 1004 1888; x_wconf 87' lang='lat' dir='ltr'><strong>squamarum</strong></span> <span class='ocrx_word' id='word_1_83' title='bbox 1048 1787 1114 1858; x_wconf 86' lang='lat'><strong>61.</strong></span> <span class='ocrx_word' id='word_1_84' title='bbox 1157 1774 1210 1855; x_wconf 92' lang='lat' dir='ltr'><strong>ad</strong></span> <span class='ocrx_word' id='word_1_85' title='bbox 1239 1808 1306 1882; x_wconf 86' lang='lat'><strong>7¹·</strong></span> <span class='ocrx_word' id='word_1_86' title='bbox 1377 1775 1581 1887; x_wconf 72' lang='lat' dir='ltr'><strong>squamae</strong></span> <span class='ocrx_word' id='word_1_87' title='bbox 1623 1773 1896 1857; x_wconf 88' lang='lat' dir='ltr'><strong>subcaudales</strong></span> <span class='ocrx_word' id='word_1_88' title='bbox 1924 1773 2092 1888; x_wconf 79' lang='lat' dir='ltr'><strong>priores</strong></span> 
     </span>
     <span class='ocr_line' id='line_1_11' title="bbox 392 1902 2093 2041; baseline -0.001 -30"><span class='ocrx_word' id='word_1_89' title='bbox 392 1955 517 2041; x_wconf 82' lang='lat' dir='ltr'><strong>saepe</strong></span> <span class='ocrx_word' id='word_1_90' title='bbox 544 1926 590 2010; x_wconf 91' lang='lat' dir='ltr'><strong>in</strong></span> <span class='ocrx_word' id='word_1_91' title='bbox 620 1925 770 2010; x_wconf 86' lang='lat' dir='ltr'><strong>loricas</strong></span> <span class='ocrx_word' id='word_1_92' title='bbox 799 1927 1010 2009; x_wconf 84' lang='lat' dir='ltr'><strong>confluere</strong></span> <span class='ocrx_word' id='word_1_93' title='bbox 1026 1902 1166 2008; x_wconf 62' lang='lat' dir='ltr'><strong>⁴visae.</strong></span> <span class='ocrx_word' id='word_1_94' title='bbox 1226 1925 1416 2008; x_wconf 82' lang='lat' dir='ltr'><strong>Palatum</strong></span> <span class='ocrx_word' id='word_1_95' title='bbox 1443 1923 1673 2009; x_wconf 87' lang='lat' dir='ltr'><strong>denticulis</strong></span> <span class='ocrx_word' id='word_1_96' title='bbox 1701 1923 1984 2039; x_wconf 86' lang='lat' dir='ltr'><strong>pectinatum,</strong></span> <span class='ocrx_word' id='word_1_97' title='bbox 2014 1928 2093 2010; x_wconf 93' lang='lat' dir='ltr'><strong>du·</strong></span> 
     </span>
     <span class='ocr_line' id='line_1_12' title="bbox 389 2074 2089 2194; baseline 0.002 -33"><span class='ocrx_word' id='word_1_98' title='bbox 389 2077 498 2194; x_wconf 84' lang='lat' dir='ltr'><strong>plici</strong></span> <span class='ocrx_word' id='word_1_99' title='bbox 526 2080 689 2162; x_wconf 80' lang='lat' dir='ltr'><strong>ordine.</strong></span> <span class='ocrx_word' id='word_1_100' title='bbox 749 2082 911 2189; x_wconf 75' lang='lat' dir='ltr'><strong>Lingua</strong></span> <span class='ocrx_word' id='word_1_101' title='bbox 939 2074 1072 2190; x_wconf 92' lang='lat' dir='ltr'><strong>nigra.</strong></span> <span class='ocrx_word' id='word_1_102' title='bbox 1132 2079 1283 2161; x_wconf 79' lang='lat' dir='ltr'><strong>Palmo</strong></span> <span class='ocrx_word' id='word_1_103' title='bbox 1308 2075 1490 2191; x_wconf 84' lang='lat' dir='ltr'><strong>simple-x</strong></span> <span class='ocrx_word' id='word_1_104' title='bbox 1518 2074 1782 2178; x_wconf 72' lang='lat' dir='ltr'><strong>uesieu-laris,</strong></span> <span class='ocrx_word' id='word_1_105' title='bbox 1812 2074 2089 2190; x_wconf 79' lang='lat' dir='ltr'><strong>cylindricus,</strong></span> 
     </span>
     <span class='ocr_line' id='line_1_13' title="bbox 391 2224 2090 2346; baseline 0.001 -32"><span class='ocrx_word' id='word_1_106' title='bbox 391 2229 540 2344; x_wconf 83' lang='lat' dir='ltr'><strong>spinae</strong></span> <span class='ocrx_word' id='word_1_107' title='bbox 570 2226 822 2328; x_wconf 82' lang='lat' dir='ltr'><strong>adhaerens,</strong></span> <span class='ocrx_word' id='word_1_108' title='bbox 854 2224 1195 2343; x_wconf 79' lang='lat' dir='ltr'><strong>oetopollicaris3</strong></span> <span class='ocrx_word' id='word_1_109' title='bbox 1222 2233 1386 2312; x_wconf 80' lang='lat' dir='ltr'><strong>trachea</strong></span> <span class='ocrx_word' id='word_1_110' title='bbox 1413 2244 1439 2316; x_wconf 85' lang='lat'>5</span> <span class='ocrx_word' id='word_1_111' title='bbox 1465 2227 1683 2343; x_wconf 87' lang='lat' dir='ltr'><strong>pollicum.</strong></span> <span class='ocrx_word' id='word_1_112' title='bbox 1741 2232 1881 2346; x_wconf 82' lang='lat' dir='ltr'><strong>Hepar</strong></span> <span class='ocrx_word' id='word_1_113' title='bbox 1907 2227 2090 2344; x_wconf 86' lang='lat' dir='ltr'><strong>semicy·</strong></span> 
     </span>
    </p>
   </div>
   <div class='ocr_carea' id='block_1_3' title="bbox 392 2350 2089 2495">
    <p class='ocr_par' dir='ltr' id='par_1_3' title="bbox 392 2350 2089 2495">
     <span class='ocr_line' id='line_1_14' title="bbox 392 2350 2089 2495; baseline 0.001 -30"><span class='ocrx_word' id='word_1_114' title='bbox 392 2378 635 2481; x_wconf 90' lang='lat' dir='ltr'><strong>lindricum,</strong></span> <span class='ocrx_word' id='word_1_115' title='bbox 665 2350 967 2494; x_wconf 80' lang='lat' dir='ltr'><strong>‹ictopollicare</strong></span> <span class='ocrx_word' id='word_1_116' title='bbox 997 2410 1051 2463; x_wconf 87' lang='lat' dir='ltr'><strong>ex</strong></span> <span class='ocrx_word' id='word_1_117' title='bbox 1079 2404 1203 2495; x_wconf 88' lang='lat' dir='ltr'><strong>parte</strong></span> <span class='ocrx_word' id='word_1_118' title='bbox 1228 2381 1420 2495; x_wconf 91' lang='lat' dir='ltr'><strong>pulmoni</strong></span> <span class='ocrx_word' id='word_1_119' title='bbox 1450 2382 1680 2485; x_wconf 88' lang='lat' dir='ltr'><strong>accubans,</strong></span> <span class='ocrx_word' id='word_1_120' title='bbox 1709 2378 1910 2465; x_wconf 85' lang='lat' dir='ltr'><strong>inferiore</strong></span> <span class='ocrx_word' id='word_1_121' title='bbox 1942 2406 2089 2467; x_wconf 81' lang='lat' dir='ltr'><strong>extre·</strong></span> 
     </span>
    </p>
   </div>
   <div class='ocr_carea' id='block_1_4' title="bbox 384 2528 2087 4626">
    <p class='ocr_par' dir='ltr' id='par_1_4' title="bbox 387 2528 2087 4319">
     <span class='ocr_line' id='line_1_15' title="bbox 392 2528 2085 2648; baseline 0.004 -34"><span class='ocrx_word' id='word_1_122' title='bbox 392 2529 544 2614; x_wconf 78' lang='lat' dir='ltr'><strong>mirate</strong></span> <span class='ocrx_word' id='word_1_123' title='bbox 582 2531 781 2615; x_wconf 87' lang='lat' dir='ltr'><strong>emittens</strong></span> <span class='ocrx_word' id='word_1_124' title='bbox 821 2534 995 2616; x_wconf 85' lang='lat' dir='ltr'><strong>ductum</strong></span> <span class='ocrx_word' id='word_1_125' title='bbox 1036 2531 1265 2635; x_wconf 81' lang='lat' dir='ltr'><strong>hilarium,</strong></span> <span class='ocrx_word' id='word_1_126' title='bbox 1321 2533 1394 2647; x_wconf 90' lang='lat' dir='ltr'><strong>qui</strong></span> <span class='ocrx_word' id='word_1_127' title='bbox 1438 2528 1709 2648; x_wconf 86' lang='lat' dir='ltr'><strong>tripollicaris</strong></span> <span class='ocrx_word' id='word_1_128' title='bbox 1752 2532 1840 2616; x_wconf 88' lang='lat' dir='ltr'><strong>fere</strong></span> <span class='ocrx_word' id='word_1_129' title='bbox 1880 2530 2085 2620; x_wconf 86' lang='lat' dir='ltr'><strong>inseritur</strong></span> 
     </span>
     <span class='ocr_line' id='line_1_16' title="bbox 392 2681 2087 2800; baseline 0.002 -29"><span class='ocrx_word' id='word_1_130' title='bbox 392 2693 553 2771; x_wconf 78' lang='lat' dir='ltr'><strong>vesicae</strong></span> <span class='ocrx_word' id='word_1_131' title='bbox 570 2688 722 2794; x_wconf 83' lang='lat' dir='ltr'><strong>selleae</strong></span> <span class='ocrx_word' id='word_1_132' title='bbox 750 2681 934 2796; x_wconf 85' lang='lat' dir='ltr'><strong>insigni,</strong></span> <span class='ocrx_word' id='word_1_133' title='bbox 989 2685 1140 2800; x_wconf 92' lang='lat' dir='ltr'><strong>pyloro</strong></span> <span class='ocrx_word' id='word_1_134' title='bbox 1167 2684 1424 2789; x_wconf 76' lang='lat' dir='ltr'><strong>adhaerent,</strong></span> <span class='ocrx_word' id='word_1_135' title='bbox 1481 2681 1686 2799; x_wconf 83' lang='lat' dir='ltr'><strong>brevique</strong></span> <span class='ocrx_word' id='word_1_136' title='bbox 1723 2685 1850 2770; x_wconf 84' lang='lat' dir='ltr'><strong>ducto</strong></span> <span class='ocrx_word' id='word_1_137' title='bbox 1879 2684 2087 2775; x_wconf 87' lang='lat' dir='ltr'><strong>intestino</strong></span> 
     </span>
     <span class='ocr_line' id='line_1_17' title="bbox 390 2835 2083 2946; baseline 0.002 -25"><span class='ocrx_word' id='word_1_138' title='bbox 390 2835 590 2922; x_wconf 88' lang='lat' dir='ltr'><strong>insertae.</strong></span> <span class='ocrx_word' id='word_1_139' title='bbox 672 2839 771 2919; x_wconf 86' lang='lat' dir='ltr'><strong>Lien</strong></span> <span class='ocrx_word' id='word_1_140' title='bbox 811 2836 962 2919; x_wconf 89' lang='lat' dir='ltr'><strong>nullus.</strong></span> <span class='ocrx_word' id='word_1_141' title='bbox 1045 2841 1253 2924; x_wconf 81' lang='lat' dir='ltr'><strong>Pancreus</strong></span> <span class='ocrx_word' id='word_1_142' title='bbox 1290 2839 1507 2922; x_wconf 82' lang='lat' dir='ltr'><strong>avellanae</strong></span> <span class='ocrx_word' id='word_1_143' title='bbox 1544 2837 1634 2920; x_wconf 85' lang='lat' dir='ltr'><strong>fere</strong></span> <span class='ocrx_word' id='word_1_144' title='bbox 1674 2837 1807 2939; x_wconf 89' lang='lat' dir='ltr'><strong>mole,</strong></span> <span class='ocrx_word' id='word_1_145' title='bbox 1870 2837 2083 2946; x_wconf 86' lang='lat' dir='ltr'><strong>informe,</strong></span> 
     </span>
     <span class='ocr_line' id='line_1_18' title="bbox 392 2987 2084 3103; baseline 0.002 -30"><span class='ocrx_word' id='word_1_146' title='bbox 392 2988 550 3073; x_wconf 84' lang='lat' dir='ltr'><strong>album.</strong></span> <span class='ocrx_word' id='word_1_147' title='bbox 608 2987 884 3103; x_wconf 83' lang='lat' dir='ltr'><strong>Oesnphugus</strong></span> <span class='ocrx_word' id='word_1_148' title='bbox 907 2988 1045 3092; x_wconf 88' lang='lat' dir='ltr'><strong>laxus,</strong></span> <span class='ocrx_word' id='word_1_149' title='bbox 1075 2989 1188 3073; x_wconf 90' lang='lat' dir='ltr'><strong>intus</strong></span> <span class='ocrx_word' id='word_1_150' title='bbox 1217 3018 1405 3102; x_wconf 86' lang='lat' dir='ltr'><strong>rugosus,</strong></span> <span class='ocrx_word' id='word_1_151' title='bbox 1437 2988 1673 3075; x_wconf 81' lang='lat' dir='ltr'><strong>ventriculo</strong></span> <span class='ocrx_word' id='word_1_152' title='bbox 1701 2989 1938 3094; x_wconf 82' lang='lat' dir='ltr'><strong>continuus,</strong></span> <span class='ocrx_word' id='word_1_153' title='bbox 1960 3012 2084 3076; x_wconf 83' lang='lat' dir='ltr'><strong>uter·</strong></span> 
     </span>
     <span class='ocr_line' id='line_1_19' title="bbox 390 3138 2083 3257; baseline 0.004 -35"><span class='ocrx_word' id='word_1_154' title='bbox 390 3167 473 3255; x_wconf 87' lang='lat' dir='ltr'><strong>que</strong></span> <span class='ocrx_word' id='word_1_155' title='bbox 504 3141 630 3225; x_wconf 87' lang='lat' dir='ltr'><strong>valde</strong></span> <span class='ocrx_word' id='word_1_156' title='bbox 656 3138 898 3224; x_wconf 89' lang='lat' dir='ltr'><strong>dilatabilis.</strong></span> <span class='ocrx_word' id='word_1_157' title='bbox 957 3144 1083 3226; x_wconf 85' lang='lat' dir='ltr'><strong>Renes</strong></span> <span class='ocrx_word' id='word_1_158' title='bbox 1114 3140 1424 3243; x_wconf 88' lang='lat' dir='ltr'><strong>subimbricati,</strong></span> <span class='ocrx_word' id='word_1_159' title='bbox 1467 3140 1756 3257; x_wconf 86' lang='lat' dir='ltr'><strong>bipollicares,</strong></span> <span class='ocrx_word' id='word_1_160' title='bbox 1799 3140 1996 3256; x_wconf 90' lang='lat' dir='ltr'><strong>utrinque</strong></span> <span class='ocrx_word' id='word_1_161' title='bbox 2027 3147 2083 3229; x_wconf 87' lang='lat' dir='ltr'><strong>ad</strong></span> 
     </span>
     <span class='ocr_line' id='line_1_20' title="bbox 390 3290 2084 3409; baseline 0.004 -33"><span class='ocrx_word' id='word_1_162' title='bbox 390 3313 553 3376; x_wconf 89' lang='lat' dir='ltr'><strong>rectum</strong></span> <span class='ocrx_word' id='word_1_163' title='bbox 594 3290 942 3405; x_wconf 87' lang='lat' dir='ltr'><strong>longitudinales,</strong></span> <span class='ocrx_word' id='word_1_164' title='bbox 999 3294 1224 3379; x_wconf 79' lang='lat' dir='ltr'><strong>meteribus</strong></span> <span class='ocrx_word' id='word_1_165' title='bbox 1262 3324 1336 3378; x_wconf 85' lang='lat' dir='ltr'><strong>sex</strong></span> <span class='ocrx_word' id='word_1_166' title='bbox 1373 3293 1552 3409; x_wconf 89' lang='lat' dir='ltr'><strong>pollices</strong></span> <span class='ocrx_word' id='word_1_167' title='bbox 1594 3292 1732 3406; x_wconf 91' lang='lat' dir='ltr'><strong>longis</strong></span> <span class='ocrx_word' id='word_1_168' title='bbox 1764 3292 2005 3381; x_wconf 90' lang='lat' dir='ltr'><strong>desinentes</strong></span> <span class='ocrx_word' id='word_1_169' title='bbox 2034 3298 2084 3383; x_wconf 85' lang='lat' dir='ltr'><strong>in</strong></span> 
     </span>
     <span class='ocr_line' id='line_1_21' title="bbox 387 3451 2081 3562; baseline 0.003 -32"><span class='ocrx_word' id='word_1_170' title='bbox 387 3453 566 3530; x_wconf 82' lang='lat' dir='ltr'><strong>vesicam</strong></span> <span class='ocrx_word' id='word_1_171' title='bbox 594 3475 789 3560; x_wconf 86' lang='lat' dir='ltr'><strong>parvam,</strong></span> <span class='ocrx_word' id='word_1_172' title='bbox 821 3455 924 3530; x_wconf 80' lang='lat' dir='ltr'><strong>inter</strong></span> <span class='ocrx_word' id='word_1_173' title='bbox 949 3469 1101 3531; x_wconf 86' lang='lat' dir='ltr'><strong>rectum</strong></span> <span class='ocrx_word' id='word_1_174' title='bbox 1129 3466 1168 3530; x_wconf 85' lang='lat' dir='ltr'><strong>et</strong></span> <span class='ocrx_word' id='word_1_175' title='bbox 1195 3456 1358 3560; x_wconf 78' lang='lat' dir='ltr'><strong>spinam</strong></span> <span class='ocrx_word' id='word_1_176' title='bbox 1386 3456 1588 3558; x_wconf 81' lang='lat' dir='ltr'><strong>positum,</strong></span> <span class='ocrx_word' id='word_1_177' title='bbox 1617 3451 1733 3556; x_wconf 86' lang='lat' dir='ltr'><strong>cnjus</strong></span> <span class='ocrx_word' id='word_1_178' title='bbox 1761 3468 1966 3562; x_wconf 84' lang='lat' dir='ltr'><strong>apertura,</strong></span> <span class='ocrx_word' id='word_1_179' title='bbox 1996 3479 2081 3535; x_wconf 85' lang='lat' dir='ltr'><strong>una</strong></span> 
     </span>
     <span class='ocr_line' id='line_1_22' title="bbox 390 3595 2079 3713; baseline 0.003 -31"><span class='ocrx_word' id='word_1_180' title='bbox 390 3620 486 3682; x_wconf 88' lang='lat' dir='ltr'><strong>cum</strong></span> <span class='ocrx_word' id='word_1_181' title='bbox 516 3618 632 3680; x_wconf 89' lang='lat' dir='ltr'><strong>recto</strong></span> <span class='ocrx_word' id='word_1_182' title='bbox 659 3618 704 3679; x_wconf 89' lang='lat' dir='ltr'><strong>et</strong></span> <span class='ocrx_word' id='word_1_183' title='bbox 732 3596 999 3682; x_wconf 87' lang='lat' dir='ltr'><strong>oviductibus</strong></span> <span class='ocrx_word' id='word_1_184' title='bbox 1028 3595 1120 3680; x_wconf 91' lang='lat' dir='ltr'><strong>hiat</strong></span> <span class='ocrx_word' id='word_1_185' title='bbox 1148 3595 1192 3680; x_wconf 93' lang='lat' dir='ltr'><strong>in</strong></span> <span class='ocrx_word' id='word_1_186' title='bbox 1222 3598 1481 3713; x_wconf 87' lang='lat' dir='ltr'><strong>peculiarem</strong></span> <span class='ocrx_word' id='word_1_187' title='bbox 1511 3598 1698 3683; x_wconf 89' lang='lat' dir='ltr'><strong>cloacam</strong></span> <span class='ocrx_word' id='word_1_188' title='bbox 1725 3629 1797 3683; x_wconf 88' lang='lat' dir='ltr'><strong>seu</strong></span> <span class='ocrx_word' id='word_1_189' title='bbox 1826 3597 1962 3683; x_wconf 85' lang='lat' dir='ltr'><strong>simnn</strong></span> <span class='ocrx_word' id='word_1_190' title='bbox 1992 3600 2079 3688; x_wconf 88' lang='lat' dir='ltr'><strong>ani.</strong></span> 
     </span>
     <span class='ocr_line' id='line_1_23' title="bbox 389 3747 2082 3864; baseline 0.003 -31"><span class='ocrx_word' id='word_1_191' title='bbox 389 3747 619 3833; x_wconf 78' lang='lat' dir='ltr'><strong>Oviductus</strong></span> <span class='ocrx_word' id='word_1_192' title='bbox 644 3750 730 3833; x_wconf 92' lang='lat' dir='ltr'><strong>duo</strong></span> <span class='ocrx_word' id='word_1_193' title='bbox 756 3747 1107 3861; x_wconf 86' lang='lat' dir='ltr'><strong>longitudinales,</strong></span> <span class='ocrx_word' id='word_1_194' title='bbox 1147 3772 1315 3855; x_wconf 91' lang='lat' dir='ltr'><strong>tenues,</strong></span> <span class='ocrx_word' id='word_1_195' title='bbox 1358 3750 1470 3835; x_wconf 89' lang='lat' dir='ltr'><strong>intus</strong></span> <span class='ocrx_word' id='word_1_196' title='bbox 1499 3751 1660 3864; x_wconf 87' lang='lat' dir='ltr'><strong>rugosi,</strong></span> <span class='ocrx_word' id='word_1_197' title='bbox 1711 3776 1903 3836; x_wconf 83' lang='lat' dir='ltr'><strong>extremo</strong></span> <span class='ocrx_word' id='word_1_198' title='bbox 1931 3754 2082 3838; x_wconf 85' lang='lat' dir='ltr'><strong>ovulo·</strong></span> 
     </span>
     <span class='ocr_line' id='line_1_24' title="bbox 388 3897 2081 4019; baseline 0.004 -35"><span class='ocrx_word' id='word_1_199' title='bbox 388 3928 482 3984; x_wconf 86' lang='lat' dir='ltr'><strong>rum</strong></span> <span class='ocrx_word' id='word_1_200' title='bbox 510 3897 761 3985; x_wconf 83' lang='lat' dir='ltr'><strong>rudimentis</strong></span> <span class='ocrx_word' id='word_1_201' title='bbox 805 3901 1138 4006; x_wconf 84' lang='lat' dir='ltr'><strong>moniliformes,</strong></span> <span class='ocrx_word' id='word_1_202' title='bbox 1192 3904 1268 3988; x_wconf 85' lang='lat' dir='ltr'><strong>aed</strong></span> <span class='ocrx_word' id='word_1_203' title='bbox 1307 3924 1497 4019; x_wconf 89' lang='lat' dir='ltr'><strong>tempore</strong></span> <span class='ocrx_word' id='word_1_204' title='bbox 1538 3902 1820 4018; x_wconf 88' lang='lat' dir='ltr'><strong>generationis</strong></span> <span class='ocrx_word' id='word_1_205' title='bbox 1849 3905 2081 3991; x_wconf 87' lang='lat' dir='ltr'><strong>admodum</strong></span> 
     </span>
     <span class='ocr_line' id='line_1_25' title="bbox 388 4050 569 4140; baseline 0 0"><span class='ocrx_word' id='word_1_206' title='bbox 388 4050 569 4140; x_wconf 83' lang='lat' dir='ltr'><strong>dilatati.</strong></span> 
     </span>
     <span class='ocr_line' id='line_1_26' title="bbox 801 4191 1666 4319; baseline 0.002 -32"><span class='ocrx_word' id='word_1_207' title='bbox 801 4202 881 4287; x_wconf 85' lang='lat'><strong>30.</strong></span> <span class='ocrx_word' id='word_1_208' title='bbox 946 4191 1340 4289; x_wconf 84' lang='lat' dir='ltr'>COLUBER</span> <span class='ocrx_word' id='word_1_209' title='bbox 1415 4197 1666 4319; x_wconf 79' lang='lat' dir='ltr'><strong>Hydrus.</strong></span> 
     </span>
    </p>

    <p class='ocr_par' dir='ltr' id='par_1_5' title="bbox 527 4358 2078 4481">
     <span class='ocr_line' id='line_1_27' title="bbox 527 4358 2078 4481; baseline 0.001 -34"><span class='ocrx_word' id='word_1_210' title='bbox 527 4359 577 4447; x_wconf 86' lang='lat' dir='ltr'><strong>C.</strong></span> <span class='ocrx_word' id='word_1_211' title='bbox 619 4360 763 4444; x_wconf 85' lang='lat' dir='ltr'><strong>subtus</strong></span> <span class='ocrx_word' id='word_1_212' title='bbox 804 4358 967 4472; x_wconf 92' lang='lat' dir='ltr'><strong>pallido</strong></span> <span class='ocrx_word' id='word_1_213' title='bbox 1009 4363 1209 4476; x_wconf 83' lang='lat' dir='ltr'><strong>fuscoque</strong></span> <span class='ocrx_word' id='word_1_214' title='bbox 1249 4361 1406 4467; x_wconf 83' lang='lat' dir='ltr'><strong>varius,</strong></span> <span class='ocrx_word' id='word_1_215' title='bbox 1464 4393 1587 4481; x_wconf 84' lang='lat' dir='ltr'><strong>supra</strong></span> <span class='ocrx_word' id='word_1_216' title='bbox 1630 4360 2078 4471; x_wconf 65' lang='lat' dir='ltr'><strong>olivam-cinereus,</strong></span> 
     </span>
    </p>

    <p class='ocr_par' dir='ltr' id='par_1_6' title="bbox 384 4509 1359 4626">
     <span class='ocr_line' id='line_1_28' title="bbox 384 4509 1359 4626; baseline 0.004 -30"><span class='ocrx_word' id='word_1_217' title='bbox 384 4509 562 4597; x_wconf 79' lang='lat' dir='ltr'><strong>maculis</strong></span> <span class='ocrx_word' id='word_1_218' title='bbox 591 4511 717 4596; x_wconf 76' lang='lat' dir='ltr'><strong>hiscis</strong></span> <span class='ocrx_word' id='word_1_219' title='bbox 745 4510 1012 4626; x_wconf 85' lang='lat' dir='ltr'><strong>quadruplici</strong></span> <span class='ocrx_word' id='word_1_220' title='bbox 1040 4513 1148 4597; x_wconf 88' lang='lat' dir='ltr'><strong>serie</strong></span> <span class='ocrx_word' id='word_1_221' title='bbox 1177 4514 1359 4601; x_wconf 86' lang='lat' dir='ltr'><strong>alternis.</strong></span> 
     </span>
    </p>
   </div>
   <div class='ocr_carea' id='block_1_5' title="bbox 606 4662 2079 4928">
    <p class='ocr_par' dir='ltr' id='par_1_7' title="bbox 606 4662 2079 4928">
     <span class='ocr_line' id='line_1_29' title="bbox 606 4662 2079 4782; baseline 0.005 -34"><span class='ocrx_word' id='word_1_222' title='bbox 606 4670 656 4748; x_wconf 88' lang='lat' dir='ltr'><strong>C.</strong></span> <span class='ocrx_word' id='word_1_223' title='bbox 686 4664 875 4775; x_wconf 88' lang='lat' dir='ltr'><strong>Hydrus,</strong></span> <span class='ocrx_word' id='word_1_224' title='bbox 930 4663 1036 4751; x_wconf 88' lang='lat' dir='ltr'><strong>Pall.</strong></span> <span class='ocrx_word' id='word_1_225' title='bbox 1063 4662 1160 4750; x_wconf 88' lang='lat' dir='ltr'><strong>itin.</strong></span> <span class='ocrx_word' id='word_1_226' title='bbox 1190 4672 1223 4750; x_wconf 91' lang='lat'><strong>1.</strong></span> <span class='ocrx_word' id='word_1_227' title='bbox 1252 4696 1295 4781; x_wconf 88' lang='lat' dir='ltr'><strong>p.</strong></span> <span class='ocrx_word' id='word_1_228' title='bbox 1324 4681 1417 4776; x_wconf 78' lang='lat'><strong>459.</strong></span> <span class='ocrx_word' id='word_1_229' title='bbox 1448 4698 1492 4754; x_wconf 91' lang='lat' dir='ltr'><strong>n.</strong></span> <span class='ocrx_word' id='word_1_230' title='bbox 1528 4682 1589 4757; x_wconf 76' lang='grc' dir='ltr'><strong>ιθ.</strong></span> <span class='ocrx_word' id='word_1_231' title='bbox 1647 4670 1820 4758; x_wconf 77' lang='lat' dir='ltr'><strong>Gnrelin.</strong></span> <span class='ocrx_word' id='word_1_232' title='bbox 1846 4688 1952 4782; x_wconf 77' lang='lat' dir='ltr'><strong>syst.</strong></span> <span class='ocrx_word' id='word_1_233' title='bbox 1982 4670 2079 4756; x_wconf 76' lang='lat' dir='ltr'><strong>Liar.</strong></span> 
     </span>
     <span class='ocr_line' id='line_1_30' title="bbox 660 4816 956 4928; baseline 0.014 -31"><span class='ocrx_word' id='word_1_234' title='bbox 660 4816 735 4901; x_wconf 87' lang='grc' dir='ltr'><strong>ΠΙ.</strong></span> <span class='ocrx_word' id='word_1_235' title='bbox 763 4845 805 4928; x_wconf 89' lang='lat' dir='ltr'><strong>p.</strong></span> <span class='ocrx_word' id='word_1_236' title='bbox 840 4830 956 4905; x_wconf 75' lang='lat'><strong>1103.</strong></span> 
     </span>
    </p>
   </div>
   <div class='ocr_carea' id='block_1_6' title="bbox 0 0 2206 5893">
    <p class='ocr_par' dir='ltr' id='par_1_8' title="bbox 0 0 2206 5893">
     <span class='ocr_line' id='line_1_31' title="bbox 0 0 2206 5893; baseline 0 0"><span class='ocrx_word' id='word_1_237' title='bbox 0 0 2206 5893; x_wconf 95' lang='lat' dir='ltr'><strong> </strong></span> 
     </span>
    </p>
   </div>
  </div>
 </body>
</html>
