4404 5902
252 366 354 503 'dib
746 412 758 453 ⁸
1033 432 1182 490 εξ

402 639 478 724 De
495 663 594 724 scr.
649 630 835 721 Maximi
862 633 916 719 ad
943 653 1028 718 tres
1056 632 1307 730 dodrantes;
1325 632 1466 741 forma
1492 618 1765 742 cyprinacea.
1822 622 1965 737 Capru

264 789 485 889 conicum,
525 810 660 876 rostro
701 777 925 891 obtusum,
969 790 1145 869 maxilla
1174 782 1386 897 superiore
1412 778 1491 864 'rix
1517 776 1740 890 longiore,
1780 797 1963 888 utraque

266 939 456 1055 margine
486 942 657 1042 scabra,
699 938 913 1054 superiore
949 939 1081 1021 etiam
1117 964 1214 1018 arcu
1250 931 1385 1050 palati
1420 952 1465 1017 et
1498 928 1682 1015 laminae
1716 946 1963 1041 mystsceaa

264 1092 467 1206 margine.
522 1092 584 1176 Os
620 1091 841 1205 paruulum
881 1087 1067 1173 emissile
1107 1086 1242 1194 (Tab.
1271 1085 1461 1189 LxXlV.
1488 1087 1576 1194 fig·
1605 1115 1644 1166 a.
1673 1083 1773 1192 A).
1832 1079 1965 1163 tardes

262 1265 462 1347 auratae,
491 1241 665 1326 inferius
697 1263 944 1356 argenteae,
982 1237 1230 1323 cum'litura
1259 1237 1403 1351 nigra3
1444 1238 1604 1352 papilla
1631 1232 1775 1318 sotice
1806 1230 1965 1344 angulo

264 1393 421 1481 excise.
478 1395 684 1509 Opercula
725 1389 1022 1478 branchiarum
1064 1392 1316 1490 rotundata3
1366 1387 1605 1474 membrana
1641 1386 1965 1497 bramhtossega

263 1543 465 1632 undecim
491 1545 687 1631 lamellis.
746 1547 906 1659 Corpus
945 1543 1174 1655 oblongum
1214 1550 1396 1658 squamis
1431 1536 1671 1651 majusculis
1705 1534 1963 1636 rotundatis,

266 1728 580 1813 compressum,
611 1697 735 1782 dorso
762 1717 806 1780 et
834 1678 977 1778 subtile
1004 1722 1266 1791 convexum3
1305 1715 1505 1777 ventare
1532 1688 1628 1803 gula
1656 1689 1712 1773 ad
1741 1716 1875 1770 anum
1904 1715 1963 1769 ra·

260 1847 348 1966 phe
377 1847 568 1949 obsoleta
595 1846 831 1962 impressus.
887 1851 1013 1930 Linea
1054 1846 1240 1931 lateralis
1279 1867 1394 1931 recta
1407 1854 1423 1951 ,'
1466 1844 1592 1930 dorso
1624 1843 1757 1958 paulo
1783 1839 1962 1956 propior

260 2024 306 2086 et
333 2000 549 2116 parallela.
606 2000 739 2082 Pinna
766 1995 881 2082 dorsi
909 2002 1050 2101 lusca,
1094 1982 1223 2081 radiis
1257 2016 1332 2100 ιθ,
1368 2029 1441 2104 19,
1472 1997 1526 2080 ad
1554 2007 1617 2082 23.
1655 1994 1704 2079 in
1727 1990 1961 2111 junioribus

262 2154 351 2265 (lig.
387 2185 402 2232 ι
434 2170 481 2233 et
517 2157 576 2263 a.)
604 2148 855 2253 mediocris,
894 2148 1182 2262 subaequalis,
1222 2179 1369 2264 parurn
1404 2145 1476 2233 rel
1513 2174 1607 2245 nou¹
1627 2146 1878 2241 maculatas
1915 2145 1959 2229 in

260 2305 421 2388 adultis
450 2304 536 2415 «fig.
566 2306 626 2412 3.)
654 2328 819 2415 magna,
848 2272 1022 2413 posticis
1051 2300 1236 2384 maxime
1265 2300 1394 2388 radiis
1423 2298 1689 2417 (praesertim
1718 2297 1958 2407 senioribus

158 2436 163 2443 ⁹
260 2455 350 2566 (fig.
379 2461 438 2559 4.)
473 2452 667 2566 elongata
694 2453 877 2568 primum
906 2451 1045 2535 lituris
1073 2449 1259 2566 obliquis
1286 2450 1552 2554 rubicundis,
1583 2448 1697 2533 'dein
1724 2456 1874 2537 ocellis
1897 2448 1956 2535 in·

259 2624 327 2688 ter
355 2600 494 2690 radios
521 2590 737 2719 dispositis
765 2604 920 2709 fulvis,
962 2601 1127 2720 pallido
1163 2603 1323 2723 circulo
1360 2602 1514 2689 cinctis
1541 2601 1689 2717 pulcre
1714 2601 1956 2717 variegatas

260 2755 440 2871 adiposa
467 2756 676 2868 oblonga,
715 2753 966 2869 spathulata.
1024 2758 1069 2839 P.
1098 2752 1325 2872 pectorales
1343 2757 1563 2842 radiorum
1596 2768 1656 2842 1⁶.
1686 2752 1736 2839 in
1765 2774 1955 2868 argenta·

262 2904 320 2990 tis
348 2904 534 3023 piscibus
548 2906 814 3008 flavescens3
844 2913 1045 2993 ventralcs
1072 2912 1224 2994 eodem
1252 2908 1428 3010 colore,
1458 2905 1805 3008 decemradiata;
1832 2934 1956 3023 squa-

259 3086 329 3142 ma
358 3056 541 3172 adpensa
567 3076 712 3172 argute
738 3055 968 3175 triquetra,
993 3080 1146 3147 acuta.
1203 3068 1249 3147 Ρ.
1290 3069 1361 3147 ani
1388 3058 1519 3145 radiis
1559 3065 1753 3175 (praeter
1779 3056 1955 3145 admisi
1995 3100 2003 3119 ·

259 3209 374 3320 cula)
410 3241 474 3294 to.
510 3207 557 3297 in
591 3208 792 3326 perlectis
826 3210 1017 3296 obsolcte
1054 3198 1260 3331 punieba3
1317 3213 1464 3299 cauda
1498 3213 1731 3297 flavescens
1761 3211 1953 3322 (iisdem)

257 3367 344 3448 rad.
383 3398 442 3469 19.
488 3361 677 3466 bifurca,
720 3361 876 3447 lacinia
911 3364 1123 3480 superiore
1162 3363 1362 3450 acutiore.
1420 3368 1545 3452 Color
1571 3362 1816 3476 junioribus
1842 3387 1886 3448 et
1912 3361 1953 3445 in

257 3512 452 3629 spatiosis
495 3511 662 3597 fluentis
702 3513 839 3600 nitide
886 3538 1151 3629 argentatas,
1192 3518 1318 3602 lineis
1357 3512 1742 3631 longitudinalibus
1785 3515 1951 3628 opacis,

259 3662 595 3763 obscurioribus;
638 3667 762 3749 dorso
789 3637 1047 3771 firscescens,
1088 3699 1165 3786 per
1200 3671 1332 3755 latera
1357 3669 1527 3786 punctis
1553 3664 1631 3786 p'er
1656 3689 1848 3781 quatuor
1873 3672 1952 3753 fere

259 3814 386 3898 series
416 3814 616 3928 digestis,
646 3816 885 3926 maJusculis
915 3817 1069 3925 luscis,
1102 3821 1219 3905 binas
1248 3824 1496 3938 plerumque
1522 3848 1717 3932 squamas
1749 3850 1953 3937 occupan-

257 3964 383 4053 tibus.
442 3967 675 4077 Longitrado
712 3963 886 4077 junioris
922 3980 1007 4084 fig·
1044 4007 1077 4054 1.
1117 3972 1321 4107 delineati
1355 3972 1434 4058 ια’.
1472 3974 1566 4059 rom.
1607 3970 1772 4081 curritis
1811 3984 1863 4058 ι”.
1890 3980 1953 4082 9’”.

259 4120 300 4203 V
305 4126 577 4202 arietatem
604 4145 629 4201 e
656 4120 848 4230 Kovyma
880 4144 924 4206 et
953 4151 977 4205 e
1006 4124 1088 4210 Sob
1114 4128 1156 4210 fl.
1187 4123 1326 4211 habeo
1354 4146 1491 4209 aetate
1518 4144 1807 4240 provectam,
1835 4123 1953 4210 rario

262 4298 382 4372 rem,
423 4264 782 4382 sesquipedalem,
827 4302 934 4386 quae
961 4297 1051 4361 tota
1076 4275 1223 4362 fusco·
1242 4275 1510 4391 nigrescens,
1548 4274 1695 4388 strigis
1724 4274 1954 4390 longitudi-

261 4421 426 4504 nalrbus
455 4416 707 4532 argentatis,
746 4419 889 4537 pinnis
916 4426 1110 4513 omnibus
1137 4427 1294 4534 auctis,
1336 4428 1583 4546 praesertim
1611 4429 1808 4535 dorsali,
1846 4437 1954 4539 cnjus

260 4569 370 4658 radii
398 4566 650 4684 posteriores
682 4572 836 4659 sensim
867 4576 1097 4692 longiores,
1127 4610 1271 4697 margo
1299 4581 1363 4666 ibi
1390 4582 1581 4698 superior
1606 4583 1797 4669 obscure
1826 4586 1944 4667 ruber

261 4720 374 4806 inter
400 4717 539 4806 radies
569 4720 698 4808 ocelli
726 4716 896 4842 aliquot,
917 4729 1057 4838 rubri,
1096 4731 1208 4819 iride
1246 4733 1407 4850 pallida
1437 4762 1571 4820 venae
1598 4736 1828 4823 maximae
1859 4733 1949 4821 rari·

262 4900 385 4957 cosae
416 4902 493 4986 per
520 4872 680 4960 medias
707 4881 969 4967 membranas
997 4883 1110 4970 inter
1143 4885 1281 4973 radios
1310 4890 1597 4976 decurrentes·
1615 4890 1744 4999 avia·
1781 4895 1853 5008 fig.
1883 4904 1948 5004 a).
