4404 5902
259 419 355 521 4³4
1037 416 1187 502 {a

400 641 531 730 Piscis
572 640 882 761 vulgatissimus
916 641 963 730 in
1012 643 1175 760 magnis
1223 644 1395 728 lacubus
1436 664 1481 729 et
1525 644 1690 731 fluentis
1735 646 1965 748 Livoniae,

262 797 535 900 Fennoniae,
567 797 734 913 lngriae
762 819 806 882 et
834 802 1008 882 Russiae
1036 793 1312 897 borealiorie;
1341 794 1387 881 in
1416 796 1574 882 Sibiria
1602 800 1743 885 minus
1770 828 1965 885 commu·

260 948 352 1051 nie,
381 948 533 1036 saltem
559 946 606 1034 in
633 949 777 1067 paucis
806 948 944 1033 fluviis
972 950 1238 1052 observatus,
1269 946 1508 1063 gregarius,
1546 949 1646 1034 forti
1670 954 1810 1037 odore
1841 980 1960 1062 prae·

261 1101 374 1186 ditus
387 1137 402 1196 ‚·
444 1102 572 1215 vulgo
600 1101 886 1204 dodrantalis‚
928 1087 1004 1186 sed
1032 1128 1057 1184 e
1086 1105 1198 1184 Lacu
1228 1103 1397 1213 Ladoga
1427 1100 1673 1215 Petropoliu
1702 1104 1956 1189 adferuntur

261 1252 611 1366 octopollicarea,
667 1255 743 1337 aub
784 1251 957 1337 nomine
1000 1281 1123 1363 supra
1162 1252 1372 1366 allegato,
1425 1253 1542 1365 quod
1580 1281 1680 1337 cum
1721 1258 1953 1340 Succorum

259 1407 415 1521 semeja
443 1400 681 1518 analogiam
706 1402 852 1489 habet.
906 1406 1033 1487 Talea
1070 1400 1201 1487 etiam
1231 1409 1361 1489 Lacus
1389 1402 1594 1492 Livoniae
1622 1405 1777 1523 Peipua
1806 1404 1946 1507 habet,

259 1555 409 1642 Haleci
435 1559 523 1641 fere
550 1584 685 1672 parea.
742 1562 793 1640 In
830 1552 936 1639 mari
972 1551 1164 1640 balthico
1199 1554 1524 1642 verosimillime
1560 1587 1645 1643 nou
1686 1562 1836 1660 decet,
1878 1558 1956 1642 sed

258 1739 346 1793 non
374 1709 550 1823 capitur.
593 1714 772 1823 Magnae
800 1735 969 1824 quoque
997 1707 1180 1791 Albulae
1209 1735 1232 1791 e
1262 1712 1387 1797 Lacu,
1403 1709 1501 1794 elbo
1530 1708 1703 1825 Rosciae
1732 1716 1946 1795 Moecuau

115 1932 119 1937 .
260 1860 496 1946 mittuntur.
553 1862 683 1947 Paulo
723 1860 862 1944 minor
898 1881 1044 1944 contra
1086 1881 1150 1942 est
1178 1858 1383 1957 varietas,
1429 1888 1556 1974 quam
1581 1861 1710 1946 titulo
1736 1862 1940 1958 Halecum,

260 2011 524 2097 Jeniseensea
552 2009 787 2097 divendant
813 2010 983 2111 salitam
1031 2040 1111 2094 nec
1142 2009 1251 2093 cnihi
1280 2009 1481 2117 omnino,
1531 2011 1615 2096 nisi
1641 2011 1952 2128 magnitudine·

261 2165 413 2250 differe
442 2166 554 2248 visus
581 2186 646 2247 est
672 2162 801 2280 piceis
833 2192 961 2275 quem
989 2161 1156 2247 Ostiaci
1190 2163 1434 2274 Jenyschem
1471 2164 1710 2279 appellant·
1766 2160 1939 2279 Cepione

261 2339 451 2401 recentes
464 2317 741 2402 comeduntur
753 2314 949 2422 Albulae,
981 2312 1109 2401 etiam
1130 2314 1216 2398 sale
1236 2314 1308 2397 vel
1329 2336 1452 2399 aceto
1479 2313 1677 2399 conditae
1703 2312 1936 2431 praesertin

260 2495 463 2557 autumno
491 2491 535 2554 et
563 2465 746 2584 hyeme,
790 2497 921 2585 quum
961 2465 1134 2555 sanitati
1174 2463 1314 2557 minus
1354 2488 1535 2564 nocent3
1578 2497 1660 2554 ova
1685 2464 1934 2584 inspeciem

259 2620 646 2741 acipenseriuorum
673 2619 812 2736 parari
840 2649 970 2743 saepe
997 2621 1147 2708 solent.

399 2778 525 2863 Not.
554 2775 685 2856 Pinna
713 2782 784 2856 ani
812 2771 858 2856 in
883 2770 1117 2856 leniseenei
1152 2784 1196 2858 15
1225 2768 1456 2875 radiorum,
1485 2768 1532 2856 in
1560 2774 1719 2883 majore
1747 2770 1932 2855 varietata

261 2960 286 3013 e
314 2934 429 3011 Lacu
456 2927 626 3037 Ladoga
651 2944 817 3007 tantum
851 2957 896 3005 ιι
926 2946 1092 3037 praeter
1119 2923 1264 3007 fulcra.
1337 2924 1548 3009 Venimus
1580 2919 1671 3007 illis
1705 2956 1765 3007 ιι.
1799 2918 1865 3007 his
1891 2950 1930 3003 ιι

258 3079 472 3180 radiatae,
527 3075 800 3189 appendicula
825 3071 872 3158 in
901 3074 1086 3201 utrisque
1114 3074 1266 3163 similis
1291 3096 1336 3161 et
1365 3072 1624 3159 conveniunt
1650 3072 1842 3190 reliqua,
1891 3092 1930 3155 ut

258 3258 429 3321 etcum
457 3229 614 3314 Albula
647 3225 824 3341 vulgari.
881 3232 922 3311 A
931 3228 1088 3312 rtedii
1129 3224 1358 3342 descriptio
1395 3228 1553 3344 Siucja
1579 3228 1809 3311 Sueeorum
1846 3254 1928 3313 cum

258 3379 497 3497 Ladogensi
526 3378 757 3499 varietate,
790 3403 957 3495 praeter
985 3376 1123 3462 radios
1151 3378 1403 3492 pinnarum,
1445 3398 1594 3461 exacte
1621 3379 1836 3464 convenit.
1887 3382 1926 3460 Iu

258 3533 487 3620 Jeniseensi
519 3555 564 3616 et
590 3533 832 3643 Jenyschem
860 3531 991 3646 pinna
1020 3530 1191 3643 adipoea
1221 3529 1441 3614 evidenter
1467 3528 1678 3613 serrulata.
1737 3530 1846 3615 Huic
1868 3557 1926 3645 pe

260 3685 425 3772 nteriori
460 3718 498 3798 ρ.
527 3694 597 3768 ani
635 3680 847 3768 radiorum
887 3711 1114 3766 numeroa
1149 3699 1196 3783 ιιι
1225 3683 1278 3764 ad
1314 3694 1374 3767 ι6.
1405 3679 1550 3765 variat.
1616 3685 1751 3794 Hujus
1778 3681 1926 3770 iconem

259 3871 337 3958 pro
364 3835 677 3955 comparatione
706 3837 841 3939 addo,
875 3836 1003 3925 TAB.
1031 3833 1258 3917 LXXXVI.
1278 3841 1363 3947 fig.
1394 3843 1434 3921 3.

420 4114 537 4226 284.
576 4106 851 4197 sunno
890 4095 1096 4220 Tagen.
1135 4104 1266 4194 TAu
1305 4099 1566 4193 LXXXVJ.
1596 4095 1679 4218 fig.
1719 4117 1770 4222 4

395 4298 437 4379 S.
467 4298 701 4408 Coregonus
740 4290 954 4404 digitalis,
1011 4288 1186 4374 maxilla
1224 4287 1426 4374 inferiore
1465 4288 1765 4405 sublongiore,
1804 4287 1932 4407 capite

260 4480 379 4564 supra
407 4448 622 4543 carinato,
649 4445 778 4560 pinna
807 4444 877 4528 ani
905 4445 1117 4527 radiorum
1152 4459 1212 4546 ¹4·
1240 4439 1354 4527 dorsi
1388 4473 1449 4526 ιι.

367 4600 557 4685 leniseae
588 4595 728 4681 Rossis
760 4598 935 4708 Tughln
962 4594 1132 4680 dicitur.

369 4749 524 4836 lacunis
554 4752 807 4860 Dshoengdr.
837 4745 1149 4833 Camaschinzis
1181 4747 1414 4860 Tughurae·

367 4900 550 4991 Ostiacis
579 4903 632 4988 ad
658 4904 740 4988 Kas
767 4902 810 4986 fl.
843 4900 997 5013 Tughe.
