4404 5902
371 439 402 529 4
1144 433 1295 488 Ξ

368 644 499 754 Rajae
525 639 596 726 vel
624 636 793 754 Squali,
825 635 878 724 ad
906 631 1088 722 Silures:
1126 653 1373 750 tegumenta
1402 653 1618 748 squamata
1646 632 1717 717 vel
1746 631 1902 719 callosa
1931 662 2058 749 quam

367 791 524 880 similia
553 790 741 879 Piscibus
767 788 954 907 pinnatis
985 811 1028 874 et
1057 785 1304 903 Amphibiis
1332 784 1497 903 pedatis
1523 786 1595 869 vel
1624 783 1922 902 serpentibus?
1953 809 2056 872 stru·

368 969 485 1032 ctura
513 944 652 1031 cordis
678 965 722 1028 et
749 942 965 1057 sanguinis
993 939 1140 1056 frigidi
1152 939 1370 1043 cimona,
1418 934 1667 1052 digestionis
1695 936 1867 1034 modus,
1910 942 2061 1028 sceleti

368 1097 581 1213 totiusque
622 1118 836 1181 anatomes
878 1092 1142 1198 similitudo,
1184 1108 1418 1207 quantum.
1442 1090 1555 1176 inter
1589 1086 1705 1174 varia
1740 1118 1893 1205 genera
1923 1096 2061 1182 analo·

366 1247 462 1364 giae
488 1250 703 1365 produnti
731 1253 906 1364 Neque,
934 1269 982 1332 ut
1008 1277 1154 1332 verum
1190 1247 1412 1351 fateamur,
1441 1240 1702 1359 Amphibiis,
1730 1240 1912 1357 pristino
1940 1276 2062 1333 seusu

366 1401 619 1500 intellectis,
667 1402 733 1486 Ill.
761 1406 964 1486 Linnaeus
993 1399 1142 1512 majori
1168 1374 1266 1512 ''j'nre
1292 1405 1487 1512 junxerat
1512 1395 1816 1511 Acipenseres,
1858 1395 2062 1513 Luphios,

365 1555 547 1642 Balistes
574 1584 670 1638 cum
723 1552 933 1657 affinibus,
979 1551 1277 1667 Cyclopteros,
1319 1550 1577 1645 Contriscos‚
1622 1548 1907 1664 Syngnatbos,
1951 1575 2062 1638 caet.

364 1706 660 1824 opusculorum
714 1727 760 1789 et
811 1701 1119 1790 branchiamm
1165 1723 1369 1787 structura
1396 1732 1435 1786 a
1482 1700 1658 1816 reliquis
1706 1701 1894 1817 piscibus
1933 1707 2062 1821 plane

368 1889 454 1944 uon
484 1857 650 1942 diversa
679 1885 846 1972 genera,
872 1887 1000 1970 quum
1032 1857 1188 1939 eodem
1215 1853 1428 1939 referendi
1456 1854 1632 1938 fuissent
1660 1840 1889 1941 Muraenae
1919 1862 2063 1974 (:qua·

367 2008 601 2095 rumetiam
616 2008 796 2124 aliquae,
815 2032 859 2092 et
872 2006 1072 2092 formaita
1086 2029 1130 2089 et
1144 2005 1241 2089 telis
1254 2004 1300 2088 iu
1315 2032 1388 2091 ore
1402 2006 1820 2124 mobilibusViperas
1831 2012 2063 2127 reserunt:),

369 2158 685 2263 Anarchichas,
714 2160 891 2263 Gobios,
932 2160 1101 2258 Cattos,
1128 2157 1370 2241 siluros-
1402 2157 1513 2242 Hinc
1542 2157 1689 2244 videas
1716 2160 1866 2265 etiam,
1896 2186 1942 2246 ut
1969 2162 2066 2248 hor·

367 2347 461 2403 sum
487 2342 656 2399 vorsum
684 2340 728 2396 se
757 2335 892 2397 vertat
906 2317 1112 2398 Linnaeus
1138 2307 1184 2393 in
1212 2308 1831 2426 concinnandoAmpbibiorum
1860 2313 2062 2401 classiaco
2141 2298 2146 2308 ¹

326 2479 337 2502 ⁸
369 2465 636 2567 charactere,
680 2487 725 2548 et
764 2487 811 2548 ut
851 2465 1015 2550 nullum
1056 2465 1160 2548 verb
1185 2461 1371 2549 solidum
1398 2485 1443 2548 et
1470 2463 1749 2549 universalem
1778 2466 1964 2580 proferre
1990 2498 2065 2582 po·

366 2619 450 2706 tuit
456 2683 471 2721 ,
521 2648 647 2734 quam
680 2618 816 2703 cordis
849 2623 1132 2720 uniloculoris,
1189 2611 1264 2730 qui
1297 2613 1483 2730 piscibus
1519 2646 1652 2734 aeque
1682 2616 1913 2714 convenit3
1967 2617 2063 2704 reli·

367 2771 462 2890 quis
490 2767 687 2856 omuibus
713 2767 1010 2854 vacillantibus
1039 2790 1083 2853 et
1111 2767 1253 2882 vagis,
1310 2791 1358 2852 ut
1384 2769 1600 2884 poeticam
1628 2768 1799 2885 potius,
1842 2800 1970 2885 quam
1996 2772 2062 2856 di·

368 2921 578 3012 dacticarn
607 2919 751 3006 classis
780 2921 1074 3007 definitionem
1102 2919 1369 3036 proposuisse
1398 2923 1606 3008 videatur.

508 3071 584 3158 llis
611 3071 846 3190 perpensis,
878 3072 1009 3157 malui
1039 3103 1060 3155 a
1090 3070 1215 3155 solita
1244 3071 1682 3189 hucusqueClassium
1710 3075 1920 3164 divisione
1949 3109 2061 3166 rece·

369 3231 494 3329 dere,
519 3249 564 3312 et
591 3233 803 3312 Animalia
821 3229 974 3339 frigidi
1001 3225 1112 3310 rubri
1139 3235 1373 3337 sanguinis,
1400 3249 1569 3342 recepta
1596 3227 1921 3344 Antiquioribus
1950 3234 2062 3346 lege,

368 3380 415 3468 iu
444 3411 571 3466 uuam
598 3383 783 3466 Classem
811 3384 1087 3493 conjungere,
1119 3378 1324 3463 branchiis
1352 3382 1548 3466 destituta
1574 3403 1776 3496 tanquam
1805 3379 1929 3495 hujus
1958 3387 2060 3471 clas·

369 3534 426 3620 sis
468 3535 666 3619 Ordinem
704 3528 876 3617 unicum
919 3537 1198 3643 conjungens,
1257 3528 1356 3645 quia
1398 3529 1511 3616 inter
1551 3533 1770 3651 Serpentis
1799 3557 1842 3621 et
1871 3538 2062 3653 Reptilia

368 3683 530 3772 limites
558 3712 725 3784 omues,
779 3715 856 3802 per
883 3691 1099 3769 Lacertam
1130 3686 1329 3800 spadam,
1391 3706 1435 3768 et
1462 3689 1658 3802 Anguem
1687 3687 1908 3804 bipedem,
1967 3720 2062 3777 eva·

368 3859 559 3922 uescunt.
589 3836 930 3924 -Couveuiuut
957 3859 1097 3922 autem
1126 3840 1176 3919 Μ
1182 3840 1461 3923 onocardia
1489 3840 1633 3925 omnia
1661 3841 1784 3926 corde
1811 3842 2061 3959 plerumque

368 3987 641 4093 uuiloculari,
699 4019 754 4075 ex
795 3989 923 4076 unico
967 3987 1226 4095 ventriculo,
1292 3988 1497 4076 circulum
1545 3989 1692 4106 frigidi
1732 3992 1945 4106 sanguinis
1983 4029 2060 4114 per

367 4140 637 4258 respiratoria
679 4169 835 4257 organa
875 4164 920 4227 et
960 4163 1099 4226 totum
1126 4172 1276 4260 corpus
1302 4146 1429 4229 unico
1459 4141 1661 4229 arterioso
1687 4166 1838 4232 uunco
1863 4151 2060 4266 suppedi-

366 4314 505 4392 tante,
534 4301 722 4380 auriculo
750 4323 916 4409 quoque
947 4292 1197 4413 qlerumque
1225 4295 1351 4383 unica
1379 4297 1608 4398 instructo;
1638 4328 1804 4414 corpore
1832 4301 1902 4385 vel
1930 4305 2060 4404 nudo,

367 4446 439 4530 vel
467 4442 623 4562 sqamis
651 4444 847 4532 loricisve
875 4444 1195 4562 persisteusibus
1222 4472 1368 4548 tecto;
1414 4458 1576 4535 aurium
1601 4472 1873 4536 externorum
1901 4476 1945 4538 et
1972 4456 2060 4541 dia·

365 4592 628 4714 phragmatis
657 4600 832 4684 defectu
858 4597 1069 4685 constanti
1082 4635 1097 4697 ς
1147 4609 1346 4689 maxillae
1373 4605 1576 4714 inferioris
1604 4603 1900 4691 articulatione
1927 4638 2056 4724 vaga3

366 4755 516 4835 meleto
551 4748 690 4836 miuus
718 4748 881 4854 solido;
934 4761 1198 4864 generatione
1225 4755 1476 4870 plerumque
1504 4783 1581 4875 per
1608 4788 1708 4858 oua,
1755 4757 1885 4844 rarius
1909 4757 2059 4850 vitello

365 4896 584 4990 instructa.
668 4907 844 5021 Neque,
911 4925 1082 5020 praeter
1118 4901 1199 4995 hos
1236 4901 1523 5018 chmacteres,
1577 4938 1821 4999 communes
1863 4911 2058 5001 omnibus
