4404 5902
253 388 349 499 os
902 430 905 435 -
1030 398 1179 452 a

255 643 364 715 ceo,
398 610 511 694 unde
537 601 739 692 rossicum
766 626 955 698 nomem
990 606 1171 713 squamis
1198 592 1449 710 majoribus3
1479 596 1678 685 Flabcllls
1706 598 1961 686 branchicll·

256 768 333 851 bus
361 754 767 850 decemlamellatit3
796 761 929 868 pinnis
956 746 1102 835 inferis
1131 748 1291 863 pallide
1321 748 1595 851 rubentibus;
1636 749 1802 835 dorsali
1829 750 1962 837 unali·

131 894 135 907 ¹
255 947 339 1039 que
376 907 729 1009 decemradiatia,
761 905 904 994 colore
930 901 1063 991 etiam
1092 901 1319 1001 dilutiore,
1347 901 1483 991 nitide
1512 925 1726 1017 argenteo.

269 1204 276 1224 ‘
435 1185 550 1286 278.
605 1174 884 1268 SALMO
931 1171 1099 1262 Omul.
1140 1169 1272 1260 TAB.
1309 1167 1570 1267 LXXXVI.
1598 1163 1685 1285 fig.
1730 1192 1779 1259 1.

396 1370 435 1451 S.
469 1368 704 1477 Coregonus
744 1357 920 1447 maxilla
959 1354 1161 1441 inferiore
1203 1354 1420 1468 longiore,
1460 1356 1622 1441 caudae
1649 1351 1815 1441 lacinia
1842 1381 1953 1473 supe

254 1519 371 1618 tiore
400 1531 585 1630 majore,
611 1514 746 1633 pinna
775 1509 845 1599 aui
880 1524 927 1597 ιδ
957 1506 1198 1610 radiorum,
1230 1506 1402 1621 adiposa
1429 1531 1598 1592 serrata.

476 1670 624 1765 Salano
659 1661 943 1759 autumnalis,
995 1661 1103 1746 Pull-
1151 1667 1240 1749 itin,
1275 1663 1352 1746 ΙΙΙ.
1392 1660 1567 1783 append.
1608 1692 1652 1775 p·
1682 1672 1784 1772 705.
1819 1690 1862 1744 n.
1888 1668 1947 1766 45,

534 1823 707 1909 Gmelin.
735 1837 840 1929 synt.
870 1816 946 1897 ΙΙΙ.
975 1846 1016 1928 ρ.
1053 1822 1168 1919 1378.
1198 1841 1262 1926 sp.
1290 1828 1358 1918 42.

479 1971 639 2074 omul,
667 1973 881 2083 Lepccbin.
910 1975 1001 2050 itin.
1028 1966 1106 2047 ΠΙ.
1135 1965 1221 2047 tab.
1257 1984 1317 2068 ¹4·
1337 1969 1420 2078 fig.
1457 1999 1489 2049 1.

482 2126 624 2209 Sulmo
650 2116 937 2234 aigatarius,
981 2121 1127 2227 Georg.
1165 2126 1255 2207 itin.
1282 2120 1317 2205 l.
1344 2151 1387 2232 p.
1423 2130 1509 2204 182.
1539 2112 1714 2208 Gmc'lin.
1744 2132 1852 2232 syst-
1878 2114 1942 2203 lll-

540 2310 583 2390 p.
616 2287 732 2383 1376.
761 2304 824 2388 tp.
854 2287 921 2375 54.

372 2433 538 2521 Rosciae
565 2419 981 2538 Archangelopolitis
1009 2445 1053 2507 et
1080 2426 1125 2506 iu
1156 2416 1310 2512 Sibitia
1339 2422 1477 2517 Omat.

373 2577 559 2670 Ostiacis
586 2579 641 2666 ad
668 2583 751 2661 Kas
779 2578 821 2666 fl.
852 2577 1108 2687 Domucbey.

374 2729 608 2844 Samojedis
634 2730 899 2840 Mag-chan
913 2789 924 2828 ,
959 2728 1110 2819 Tonnc.

375 2883 586 2996 Tungusit
617 2881 913 2970 Turtuuclbn.

375 3034 545 3150 Japonis
571 3035 731 3121 Nishin.

410 3186 541 3272 Piscis
567 3183 643 3272 hic
671 3212 726 3268 ex
754 3185 929 3270 Oceano
960 3184 1117 3269 arctico
1145 3185 1431 3291 Anadromus,
1473 3185 1709 3304 gregarius,
1741 3182 1936 3278 immod·

267 3339 508 3456 agminibus
535 3367 628 3424 sero
657 3359 856 3424 autumno
885 3334 1183 3437 Petsehoram,
1223 3337 1457 3443 lenissimi,
1494 3346 1678 3444 lenam,
1719 3343 1936 3457 covyman

269 3494 418 3584 fluvios
453 3501 563 3602 (non
602 3519 702 3576 vero
740 3491 908 3597 Obum)
950 3488 1192 3592 adscendit,
1237 3490 1364 3604 vulgo
1407 3491 1581 3605 quidem
1625 3523 1713 3579 non
1749 3495 1871 3606 longe
1891 3487 1932 3571 ab

275 3645 395 3728 ostiis
423 3645 648 3736 receden03
707 3663 894 3727 attamen
935 3669 990 3727 ex
1031 3642 1196 3726 lenisea
1228 3671 1305 3755 per
1332 3645 1494 3732 Tubam
1525 3645 1570 3733 in
1600 3647 1742 3730 lacum
1770 3644 1933 3760 alpinum

273 3793 494 3900 Madshar,
537 3816 581 3880 et
617 3823 694 3913 per
720 3798 985 3904 Tunguscam
1014 3815 1061 3876 et
1087 3804 1296 3906 Angaram
1326 3796 1373 3883 iu
1399 3797 1537 3882 lacum
1563 3797 1718 3884 itidem
1747 3793 1933 3881 montibu

271 3948 458 4033 cinctum
498 3948 641 4030 Balcal
677 3944 895 4066 pervenit,
947 3945 1093 4058 ibique
1129 3947 1304 4032 invento
1341 3969 1439 4063 apto
1479 3948 1670 4064 hospitio
1710 3950 1756 4033 in
1797 3968 1933 4033 matun

271 4097 601 4214 multiplicavit,
641 4120 688 4180 ut
725 4098 948 4208 quotannis
982 4096 1281 4182 innumerabili
1320 4101 1442 4215 copia
1471 4101 1619 4186 fluvios
1646 4102 1693 4186 in
1720 4100 1817 4184 illos
1842 4099 1932 4182 bau·

273 4253 512 4337 incidentes
549 4248 731 4364 regulari
769 4249 1018 4360 migratione
1056 4250 1170 4333 adire
1205 4251 1380 4364 possint.
1436 4260 1536 4338 Non
1571 4245 1933 4337 autemconscii·

272 4403 319 4487 iu
351 4400 640 4488 occidentales
668 4400 803 4504 rivos,
846 4400 998 4487 necin
1026 4401 1507 4520 inferiorem'Angaram
1545 4408 1757 4508 tendunt,
1800 4403 1870 4487 sed
1891 4422 1932 4481 ex

274 4554 549 4643 orientalibus
578 4553 833 4669 superiorem
863 4559 1098 4665 Augurum,
1130 4558 1408 4661 Sosuofkatn,
1437 4525 1711 4642 Tscllivirkui
1740 4579 1783 4641 et
1809 4548 1931 4639 Kovcl

275 4708 321 4792 in
349 4710 529 4792 eundem
558 4706 695 4791 sinum
724 4706 975 4805 illabentes,
1024 4707 1122 4791 dein
1151 4708 1424 4822 Bargusinum
1459 4732 1505 4794 et
1530 4710 1754 4824 Selengam
1789 4710 1932 4823 adeuut

277 4865 312 4951 Ε
341 4858 650 4953 collatetalibus
675 4864 867 4980 Angarae
899 4859 1017 4980 aquis
1043 4863 1240 4951 Swellam
1269 4863 1414 4972 solam,
1441 4884 1487 4967 et
1511 4860 1934 4983 interuagusiucuu
