4404 5902
645 600 834 692 'ferendo
863 630 1038 724 graeca,
1092 605 1184 690 arn.
1209 623 1317 718 syst.
1345 604 1444 689 XII.
1472 602 1507 689 l.
1538 633 1579 720 p.
1611 615 1704 692 352.
1733 586 1795 722 sp,
1831 635 1893 693 ao.

641 760 830 844 Testudo
859 758 1037 874 easpica,
1069 760 1241 843 Gmelin.
1262 762 1350 876 jun.
1362 765 1452 844 itin.
1481 786 1586 875 pers.
1614 758 1689 840 m.
1719 788 1757 869 p.
1774 770 1840 865 59·
1864 759 1949 844 aab„
1973 792 2036 848 ro.
2054 793 2124 855 rr.

528 893 733 995 Bocharis
762 915 940 998 Dshttat
957 960 968 975 ·
988 915 1121 998 lascis.

556 1067 610 1147 In
635 1061 952 1149 australioribus
979 1063 1092 1149 circa
1120 1091 1234 1147 mare
1260 1060 1469 1176 caspium,
1514 1059 1679 1164 Persia,
1745 1059 1903 1162 Iberia,
1945 1062 2128 1181 reliquis

415 1209 601 1301 asiaticis
642 1210 756 1299 circa
794 1220 973 1299 Pontum
1015 1214 1283 1330 regionibus,
1337 1235 1385 1297 ut
1412 1236 1456 1299 et
1494 1212 1545 1299 in
1581 1209 1761 1298 Graecia
1803 1236 1847 1297 et
1874 1211 1920 1297 in
1949 1215 2131 1306 lacubus

414 1365 611 1450 Tatariae
643 1395 816 1480 magnae
844 1367 1061 1482 frequens,
1114 1366 1266 1451 edulis.
1332 1372 1412 1452 Per
1440 1363 1591 1449 Asiam
1616 1365 1708 1448 late·
1733 1349 1779 1447 et
1811 1394 1941 1480 usque
1970 1369 2025 1451 ad
2053 1367 2119 1452 si-

408 1547 485 1602 nas
523 1519 695 1602 videtur
734 1516 923 1632 speciem
963 1547 1217 1635 propagasse
1255 1541 1301 1602 et
1342 1517 1482 1631 hujus,
1536 1514 1583 1599 ni
1611 1515 1740 1599 fallor
1764 1513 1885 1599 urina
1918 1517 2124 1607 Sinenses

411 1668 609 1756 dicuntur
646 1668 817 1784 lapillos
857 1670 995 1754 varios
1038 1691 1082 1756 et
1110 1668 1257 1755 silices·
1279 1669 1509 1784 laevigatos
1540 1663 1669 1752 variis
1698 1666 2116 1780 figurisencaustice

409 1821 604 1938 pingere.
661 1826 826 1907 sconem
852 1821 1086 1906 coloratam
1114 1824 1268 1906 addere
1296 1851 1382 1906 non
1411 1824 1672 1936 superfluum·
1697 1819 1818 1904 duxi.

549 1976 658 2061 Not.
714 1976 852 2084 Digiti
885 1974 1041 2086 ped'um
1076 1970 1343 2057 subdistincti
1358 2009 1380 2068 ‚··
1427 1993 1542 2057 artus
1569 1979 1717 2087 postici
1745 1971 1884 2055 multo
1911 1979 2115 2090 majores,

409 2125 619 2241 unguibus
646 2146 811 2210 tantum
839 2145 1034 2236 quatuor.
1089 2127 1227 2239 Caput
1254 2155 1333 2238 pro
1359 2123 1477 2208 mole
1500 2090 1687 2239 corporis
1715 2120 1934 2238 exig-uum.

532 2405 690 2512 „14⁸⁶
759 2390 1172 2481 TEST'UDO·
1236 2391 1402 2481 ibero.
1452 2393 1584 2482 TAB.
1623 2393 1679 2482 II.
1718 2381 1808 2514 fig.
1847 2420 1895 2494 2.
1938 2402 1989 2485 3.

547 2584 600 2662 Τ.
630 2599 750 2662 scuto
779 2576 935 2689 gibbo,
964 2577 1136 2662 scutulis
1165 2575 1328 2662 ambitu
1353 2575 1545 2678 sulcatis,
1572 2576 1735 2693 plantis·
1756 2575 2119 2694 quadrianguicn·

410 2729 533 2835 latis,
576 2731 710 2815 cauda
739 2726 990 2812 brevissima
1020 2728 1183 2813 conica.
1639 2838 1644 2847 ἡ

628 2881 818 2963 Testudo
846 2877 1118 2993 georgicana,
1177 2883 1387 2968 Goldensl.
1417 2884 1556 2968 adnot.
1584 2886 1675 2968 MS.

550 3037 601 3116 ln
631 3029 807 3117 Caucasi
838 3030 1185 3118 merid'ionalibus
1215 3035 1434 3146 frequens,
1461 3035 1694 3137 terrestris,
1725 3032 2005 3148 scaturigines·
2027 3039 2114 3125 fre·

406 3206 648 3302 quentansr
699 3212 778 3267 nec
804 3180 1049 3297 infrequens
1077 3182 1126 3267 in
1152 3185 1415 3270 convallibus
1443 3216 1539 3273 orae
1568 3184 1861 3271 meridionalis
1888 3212 2109 3279 montosae

409 3334 666 3423 Chersonesi
697 3332 903 3419 tauricae.
1754 3336 1758 3341 ’

544 3490 714 3572 Descr.
774 3485 898 3569 Testa
932 3486 1057 3568 valde
1085 3486 1235 3598 gibba,
1272 3488 1538 3603 longiturfine
1567 3520 1690 3607 saepe
1719 3491 1983 3608 spithamali,
2014 3494 2112 3581 dia*¹>

405 3639 533 3728 metri
571 3633 936 3755 perpendicularis
978 3637 1149 3724 circiter
1191 3643 1333 3757 dupla.
1402 3647 1517 3729 Scuti
1551 3645 1728 3728 scutella
1758 3655 1869 3753 37.1'o
1896 3656 2112 3757 marginal

404 3811 472 3899 24.
502 3820 679 3907 quorum
708 3788 847 3872 antica
880 3788 1068 3874 mediam
1099 3815 1337 3905 angustum,
1366 3794 1677 3898 lanceolarum,
1717 3818 1905 3899 acutum,
1934 3797 2107 3910 reliqua

403 3941 699 4061 trapezoid'ea,
729 3940 844 4025 striis
874 3943 1124 4057 prominulis
1151 3949 1196 4027 in
1226 3946 1432 4060 triangula
1463 3947 1618 4046 divisa,
1654 3948 1816 4032 extimo
1844 3947 2104 4036 scabriuscu·

393 4099 466 4199 la3
509 4098 614 4181 disci
656 4093 793 4179 media
841 4107 881 4178 5.
925 4090 1241 4198 subhexat'zdra,
1282 4104 1473 4183 lateralia
1516 4100 1713 4214 utrinque
1743 4137 1782 4196 4·
1812 4100 2105 4213 irregulariter

391 4249 650 4368 pentaedra,
681 4245 835 4330 ultimo
863 4246 1100 4348 tetraedm,
1130 4246 1280 4330 omnia
1309 4249 1434 4333 sulcis
1464 4249 1643 4362 margini
1669 4251 1883 4364 parallelis
1909 4273 2102 4357 exarata,

388 4399 535 4488 medio
565 4400 692 4485 disco
720 4418 952 4513 punctato·
970 4397 1140 4499 scabro,
1184 4397 1318 4511 magis
1360 4401 1489 4486 fusco.
1559 4404 1751 4486 Sternunt
1787 4402 1915 4485 scutis
1948 4435 2010 4487 ra.
2041 4407 2101 4490 ad

389 4552 590 4667 angulum
618 4550 816 4651 sulcatis,
847 4545 1044 4631 maximia
1078 4565 1188 4652 4-
1214 4567 1271 4652 4ς
1295 4574 1414 4636 scuto
1444 4551 1636 4637 connatis
1666 4567 1690 4639 3
1717 4602 1775 4619 -
1803 4566 1827 4637 3
1857 4576 1901 4636 et
1928 4570 2026 4657 4-
2048 4575 2095 4660 4.

383 4705 520 4791 Pedes·
540 4701 689 4805 crassi,
749 4699 911 4797 obtusi,
961 4701 1131 4802 breves,
1182 4711 1312 4786 antici
1341 4701 1526 4787 anterius
1554 4702 1738 4818 squamis
1765 4702 1928 4814 magnis
1956 4705 2097 4791 acutis

379 4852 606 4960 muricati,
664 4849 865 4967 ¹reliquo,
937 4870 984 4934 ut
1022 4870 1068 4933 et
1110 4849 1288 4967 postici,
1367 4853 1580 4941 subtiliter
1618 4876 1821 4969 punctato
1839 4855 2089 4970 squamati
