4404 5902
946 395 1097 456 Ε
1134 408 1138 415 ’

640 589 703 700 Χ.
767 592 1385 715 MVRAENAE.

881 884 1144 909 Μ

546 1079 627 1199 69.
700 1081 1115 1180 MURAENA
1186 1092 1479 1208 Anguillo.

304 1358 366 1442 M.
393 1347 604 1462 unicolor,
638 1355 813 1443 maxilla
841 1358 1042 1448 inferiore
1071 1361 1277 1478 longiore.
1317 1368 1462 1454 Arted.
1492 1399 1554 1488 tp.
1574 1383 1640 1460 66.
1665 1403 1763 1488 gen.
1789 1394 1854 1482 24.

383 1512 586 1592 Muraena
625 1511 850 1625 Anguilla,
907 1517 997 1601 Lin.
1027 1536 1132 1628 syst.
1162 1520 1259 1602 ΧΠ.
1289 1520 1323 1602 Ι.
1353 1553 1394 1635 p.
1424 1534 1520 1626 426.
1581 1525 1704 1609 Penn.
1734 1530 1855 1616 Zool.

274 1708 310 1752 t·
442 1663 852 1778 Brit.(tto)111.p.
883 1679 972 1752 126.
1002 1700 1042 1752 n.
1072 1682 1138 1758 63.
1183 1669 1268 1756 tab.
1297 1683 1336 1759 5.
1367 1673 1453 1788 fig.
1482 1687 1522 1764 3.
1577 1676 1725 1766 Bloch.
1752 1688 1855 1796 piac.

435 1846 570 1929 gem
595 1818 673 1902 111.
702 1849 744 1934 p.
773 1835 814 1923 4.
842 1818 929 1904 tab.
959 1833 1031 1934 73.

273 1966 419 2055 Rosaia
450 1969 593 2085 U'gor.

272 2120 446 2207 Livonia
474 2125 626 2219 Suttis3
652 2122 912 2211 Esthontbus
938 2129 1141 2242 Angriot.

299 2274 503 2388 Anguilla
533 2297 696 2361 tantum
734 2276 782 2363 in
823 2276 989 2364 fluentis
1028 2311 1170 2366 versus
1210 2311 1326 2368 mare
1369 2280 1608 2370 balthicum
1636 2307 1681 2373 et
1709 2285 1856 2375 album

151 2429 449 2534 tendentibus,
514 2426 644 2543 inque
670 2426 766 2546 ipao
792 2432 990 2518 Balthico
1018 2437 1130 2550 apud
1156 2464 1232 2520 nos
1272 2440 1412 2539 datur,
1476 2435 1523 2520 in
1563 2437 1737 2553 reliquis
1776 2448 1858 2526 Im·

154 2587 272 2706 perii
299 2582 567 2700 regionibus,
604 2611 682 2695 per
708 2613 834 2668 omne
863 2609 1045 2700 systema
1073 2618 1272 2702 aquarum
1301 2589 1353 2674 ad
1382 2619 1495 2674 mare
1523 2589 1732 2705 caspium,
1782 2624 1854 2708 pa·

156 2743 305 2826 ludem
334 2734 524 2822 Maeotin
565 2754 609 2817 et
649 2741 829 2820 Pontum
869 2737 1160 2843 tendentium,
1217 2763 1264 2825 ut
1299 2740 1414 2826 etin
1444 2742 1638 2829 omnibus
1667 2742 1850 2831 sibiriae

156 2894 300 2980 lluviis
324 2893 451 3008 plane
479 2889 612 2973 deest.
678 2893 882 2974 Attamen
910 2919 986 3005 per
1014 2892 1279 2978 collaterales
1308 2893 1457 2978 fluvios
1485 2893 1685 2980 Danubio
1715 2894 1849 3002 illata,

154 3046 225 3133 ibi
253 3044 480 3129 maximam
507 3041 555 3126 in
583 3042 739 3127 molem
767 3041 977 3146 excrevit,
1018 3067 1065 3127 ut
1093 3074 1116 3128 e
1146 3048 1262 3131 Com.
1292 3050 1343 3128 M
1349 3053 1477 3132 orail
1485 3055 1524 3130 ii
1551 3047 1848 3134 observatione

156 3220 325 3286 constat
352 3195 537 3307 (Danub.
567 3202 649 3281 vol.
676 3198 750 3278 IV.
777 3230 818 3311 p.
847 3213 888 3299 4.
920 3197 1006 3281 tob.
1043 3205 1120 3309 1.),
1157 3219 1200 3280 at
1227 3195 1273 3279 in
1301 3196 1451 3282 fluvios
1481 3230 1504 3281 a
1534 3196 1696 3283 boreali
1723 3198 1849 3312 plaga

151 3352 201 3438 in
234 3358 411 3436 Pontum
439 3347 720 3469 defluentibus
747 3350 932 3434 nondum
962 3347 1202 3464 penetravit
1214 3410 1228 3448 ,
1253 3375 1350 3457 'nec
1383 3350 1487 3433 dum
1512 3346 1561 3433 in
1586 3348 1681 3465 ipso
1710 3355 1847 3435 Ponto
1926 3323 1928 3327 Ι

154 3507 377 3591 observata
404 3522 481 3586 est.
551 3508 678 3586 Forte
706 3500 791 3587 hoc
820 3503 891 3585 liet
919 3499 1046 3606 olim,
1094 3500 1228 3587 immo
1255 3503 1389 3601 forte,
1427 3529 1508 3617 per
1530 3530 1731 3616 aquarum
1759 3521 1855 3586 arte·

153 3678 321 3774 paratas
348 3653 773 3761 communicationes,
826 3653 976 3758 etiarn,
1024 3653 1209 3740 Doinam
1237 3676 1281 3739 et
1310 3651 1601 3755 Volchoram,
1639 3659 1686 3740 in
1717 3660 1848 3772 Bory-

156 3806 353 3893 sthenem
382 3830 427 3893 et
451 3808 633 3923 Volgum
661 3806 903 3926 perveniet,
941 3805 1088 3922 ibique
1116 3805 1485 3923 multiplicabitur.
1540 3813 1658 3893 Nota
1684 3836 1751 3893 res
1782 3829 1850 3903 eat

151 3960 380 4074 Anguillaa
408 3959 519 4046 intra
545 3959 690 4046 nivem
731 3963 989 4076 congelatas,
1047 3989 1131 4075 quo
1159 3966 1289 4046 modo
1316 3965 1535 4061 Moscuam
1561 3960 1689 4072 vulgo
1715 3982 1845 4044 trana-

151 4111 275 4200 mitti
302 4115 457 4218 solent,
486 4113 533 4199 in
561 4144 666 4228 aqua
696 4112 851 4228 frigida
879 4110 1154 4213 riviviscere·,
1204 4114 1321 4226 quod
1347 4109 1478 4196 etiam
1497 4128 1529 4195 ‘a
1557 4113 1732 4197 Consule
1758 4113 1845 4196 An·

143 4276 228 4386 glo
255 4268 483 4355 Sarollotu
511 4266 741 4353 relaturae
769 4263 926 4351 litteris
953 4268 1134 4353 Doctior.
1161 4268 1301 4380 King
1322 4265 1450 4352 refert
1480 4264 1667 4353 Ulrich·
1687 4263 1845 4373 (Ueber

146 4423 363 4511 Quoad
387 4455 429 4539 p.
460 4427 561 4539 24).
