4404 5902
874 240 1022 292 m
1701 240 1792 325 219

244 428 423 529 Descr.
451 438 653 555 Quinque
679 439 751 526 vel
779 438 1078 555 sexpollicares
1106 464 1346 527 occurrunt.
1401 442 1551 528 Forma
1578 441 1666 528 fere
1695 443 1793 545 clu,-

102 625 211 713 peae
224 657 239 696 ,
280 592 528 712 praesertim
556 593 709 710 capite.
785 595 979 677 Rostrum
1018 589 1378 708 cathetoplateum
1392 654 1405 692 ,
1447 595 1792 698 obtusiusculum,

104 755 285 833 maxilla
313 750 498 853 inferiore
525 743 743 858 longiore,
785 746 927 827 subtus
954 742 1001 827 in
1028 741 1214 827 carinam
1243 767 1457 859 argutam,
1504 744 1796 859 bipartibilem

107 882 283 1001 acuatu,
322 907 524 1013 superiore
566 895 766 998 emissili,
808 893 1041 998 fornicata,
1088 896 1301 1011 utriusque
1320 929 1410 1011 3ora
1452 897 1678 983 denticulis
1721 894 1797 980 vix

105 1048 347 1163 conspicuis
380 1052 538 1134 scabra.
585 1049 856 1133 Tuberculum
884 1048 928 1131 in
959 1049 1100 1165 palato
1130 1049 1314 1133 anterius
1335 1049 1574 1134 biacuatum
1590 1078 1795 1163 asperum,

103 1204 272 1313 Lingua
301 1202 506 1314 oblonga,
545 1200 685 1316 plana.
743 1200 866 1285 Oculi
895 1200 1096 1306 maximi,
1139 1204 1381 1285 membrana
1409 1196 1797 1316 periophthalmica

105 1352 208 1436 laxe
236 1350 392 1450 cincti,
428 1353 532 1439 iride
560 1374 782 1465 argentea,
828 1354 936 1436 flavo
964 1356 1167 1436 umbrata.
1223 1357 1398 1439 Lamina
1425 1351 1668 1453 maxillaris,
1700 1373 1799 1435 ante

106 1504 279 1618 oculos,
307 1506 455 1589 obtuse
485 1502 759 1588 denticulata.
819 1504 1024 1616 Opercula
1051 1506 1293 1604 rotundata3
1315 1506 1493 1609 flabella
1521 1505 1596 1588 sub
1623 1533 1799 1618 opercu-

105 1653 163 1740 lis
204 1676 342 1758 tecta,
398 1656 788 1770 septemlamellata.
859 1659 1018 1770 Corpus
1054 1655 1364 1759 lanceolarum,
1422 1653 1800 1768 cathetoplateum,

108 1810 300 1911 obesum,
331 1806 652 1922 glaberrimum,
683 1817 867 1922 squamis
895 1803 1203 1909 minutissimis,
1234 1809 1358 1891 dorso
1386 1807 1503 1890 fusco
1523 1825 1801 1918 -argenteum
1897 1855 1900 1859 ·

107 1959 284 2044 aureolo
313 1981 357 2042 et
380 1958 501 2043 iridis
523 1956 740 2045 ¹coloribus
768 1956 957 2060 varians,
1001 1955 1200 2041 lateribus
1240 1980 1284 2041 et
1319 1961 1462 2044 subtus
1498 1955 1801 2071 argenteo-‘al-

105 2112 240 2209 bum3
297 2111 443 2195 Cauda
478 2108 640 2225 postica
685 2110 808 2193 valde
848 2108 1150 2222 gracilescens,
1193 2111 1414 2224 depressa,
1456 2110 1586 2214 latere
1622 2129 1801 2219 utroque

108 2285 258 2377 argute
287 2261 471 2346 carinata
499 2282 568 2361 et,
608 2259 933 2346 continuatione
961 2259 1149 2345 lateralis
1176 2284 1341 2346 suturae
1370 2260 1595 2364 loricatae,
1632 2278 1803 2344 serrata.

109 2418 243 2499 Linea
279 2422 463 2500 lateralis
498 2413 695 2528 utrinque
731 2415 786 2497 ad
821 2434 946 2526 caput
981 2414 1104 2496 dorso
1142 2411 1326 2516 vicinia,
1371 2415 1416 2498 in
1445 2411 1617 2527 regione
1646 2414 1804 2526 pinnae

114 2565 233 2651 dorsi
261 2567 468 2649 secundae
496 2566 691 2670 arcuata,
734 2594 809 2680 per
841 2565 1048 2678 reliquum
1075 2587 1255 2675 tractum
1285 2595 1419 2680 aequa
1446 2588 1670 2680 rectaque,
1713 2583 1805 2647 tota

112 2725 286 2804 acutulis
316 2714 454 2820 duris,
481 2714 751 2801 transversim
777 2718 922 2800 lunato
951 2713 1273 2821 subrhombeis,
1296 2717 1400 2802 -cuti
1427 2705 1583 2803 innatis
1611 2716 1803 2820 loricata,

113 2865 300 2954 anterius
328 2897 413 2951 non
442 2898 563 2982 supra
591 2889 731 2954 cutem
768 2868 1018 2983 prominulis
1031 2929 1044 2967 ,
1084 2891 1179 2982 post
1212 2850 1474 2979 curvaturam
1509 2870 1665 2954 sensim
1701 2864 1807 2953 cari-

111 3042 244 3106 nato·
261 3019 486 3123 aculeatis,
531 3042 729 3103 serratam
757 3020 952 3135 utrinque
981 3023 1156 3105 caudam
1185 3020 1478 3107 efficientibus.
1544 3025 1695 3106 Sutura
1723 3017 1806 3104 alia

115 3172 299 3256 dorsalis
325 3170 520 3285 utrinque
550 3203 574 3255 a
601 3168 740 3257 nucha
770 3202 866 3256 arcu
894 3168 1105 3285 incipiens
1127 3174 1356 3254 secundum
1370 3171 1533 3286 pinnas,
1563 3193 1807 3256 nontamen

112 3323 172 3409 ad
200 3324 374 3407 caudam
403 3348 564 3434 usque,
607 3320 746 3422 lineae
775 3321 956 3426 similis,
1000 3321 1187 3407 decurrit
1213 3344 1260 3406 ut
1288 3321 1344 3409 in.
1361 3319 1646 3437 praecedenti.
1688 3323 1813 3404 ru-

112 3506 221 3561 uoe:
276 3481 501 3587 pectorales
542 3480 747 3586 majores,
802 3505 928 3588 quam
971 3473 1189 3586 affinibus,
1239 3474 1527 3579 acuminatae,
1582 3471 1711 3560 radiis
1748 3506 1810 3580 19·-

112 3623 294 3713 inferius
322 3624 481 3721 sensim
511 3624 731 3728 minimis3
787 3635 985 3713 ventrales
1014 3658 1090 3711 sex
1119 3627 1188 3710 vel
1217 3625 1525 3724 octoradiatae,
1566 3625 1613 3710 in
1642 3623 1811 3741 foveola

113 3776 301 3863 ventrali
337 3776 637 3862 decumbentes
649 3813 664 3873 ,·
719 3777 896 3862 dorsalis
932 3789 1044 3894 prior
1077 3783 1164 3865 rad.
1202 3791 1241 3863 8.
1280 3775 1640 3892 spinescentibus,
1685 3775 1810 3859 valde

112 3927 402 4028 distantibus,
442 3926 597 4014 ultima
625 3929 789 4045 spinula
821 3929 907 4013 fere
935 3929 1047 4014 inter
1073 3930 1254 4045 primam
1282 3952 1326 4016 et
1354 3931 1584 4015 secundam
1612 3930 1810 4015 interme·

113 4079 195 4169 dia
223 4078 501 4165 subdistincta
531 4084 644 4196 quod
671 4113 756 4166 non
796 4079 841 4171 in
878 4087 1180 4185 antecedente;
1233 4083 1413 4169 secunda
1439 4082 1525 4166 fere
1553 4083 1606 4166 ad
1634 4053 1813 4167 caudam

110 4231 382 4334 continuata,
412 4231 541 4316 radiis
570 4233 782 4337 confertis,
805 4233 953 4335 ‚antica
976 4269 1035 4319 ιο.
1064 4234 1324 4351 longioribus
1353 4264 1448 4318 cum
1476 4238 1661 4350 praefixa
1691 4242 1818 4344 spina

106 4380 491 4501 brevi,·posterius
522 4398 583 4471 ιδ.
610 4387 680 4470 vel
705 4421 770 4471 20.
801 4384 1044 4489 multifidis;
1074 4411 1249 4501 utraque
1277 4385 1407 4501 pinna
1435 4386 1480 4471 in
1508 4387 1667 4472 sulcum
1698 4380 1813 4469 dorsi

104 4531 349 4656 repostilis.
390 4537 522 4635 Pinna
548 4546 618 4622 ani
645 4547 756 4654 prior
784 4562 948 4624 constat
977 4549 1106 4655 spinis
1132 4538 1313 4625 robustis
1328 4574 1368 4624 α.
1397 4536 1650 4641 divaricatis,
1683 4567 1813 4623 mem·

103 4687 299 4783 branula
327 4688 554 4794 connexim
594 4692 796 4801 securrda,
838 4694 925 4792 fere
955 4693 1009 4779 ad
1050 4695 1225 4779 caudam
1251 4720 1383 4807 usque
1410 4693 1642 4808 producta,
1685 4686 1813 4775 radiis

1349 4852 1374 4903 a
