4404 5902
402 384 463 489 ἲς,
1172 376 1322 433 ==

538 582 584 668 N
593 600 660 670 ot.
718 578 781 669 Os
808 574 1032 694 exiguum,
1074 574 1186 665 intus
1214 576 1447 666 tuberculis
1475 573 1781 666 minutissimis.
1847 580 1973 670 Oculi
1999 608 2104 670 con·

401 733 538 854 spicui
567 734 689 822 nulli.
748 737 966 852 Spirocula
993 762 1049 818 ex
1076 731 1271 848 quolibet
1298 734 1431 819 latere
1459 753 1636 848 septem.
1695 737 1855 852 Corpus
1881 734 1994 821 striis
2022 765 2099 821 an·

400 890 620 989 nulnum
656 891 987 990 subtestaceum,
1017 890 1159 972 subtus
1188 885 1401 987 albidum3
1443 887 1578 971 cauda
1607 887 1809 1002 oblonga,
1839 918 1935 974 cum
1963 886 2102 1004 pinna

399 1040 559 1128 dorsali
585 1040 660 1128 vix
688 1039 940 1158 prominula,
968 1037 1283 1155 longitudinali,
1312 1043 1538 1126 confluens.
1595 1038 1836 1157 Specimina
1863 1040 2099 1158 perierunt;

402 1190 573 1279 iconem
595 1215 785 1310 paratam
811 1194 942 1292 addo,
972 1221 1078 1307 quae
1106 1188 1444 1304 magnitudinem
1471 1216 1516 1277 et
1542 1195 1729 1279 colorem
1757 1217 1854 1310 apta
1880 1193 2024 1279 refert.
2041 1239 2095 1261 -

404 1349 456 1430 In
483 1344 676 1432 dissectis
704 1342 912 1430 notabiles
940 1342 1189 1459 praesertim
1228 1343 1467 1458 pulmones,
1533 1344 1608 1462 qui
1636 1379 1659 1432 a
1687 1343 1902 1432 branchiis
1930 1345 2101 1429 duobus

401 1495 512 1583 lobis
538 1528 616 1614 per
640 1520 779 1582 totum
808 1498 1017 1582 abdomen
1047 1499 1352 1600 extenduntur,
1397 1496 1505 1602 albi,
1548 1497 1782 1616 spongiosi,
1823 1521 1871 1583 ut
1897 1496 1945 1582 in
1973 1501 2100 1582 Lam·

399 1648 546 1766 petris.
603 1656 720 1734 Inter
746 1648 825 1735 hos
854 1648 1103 1735 intestinum
1131 1672 1248 1734 recto
1275 1670 1411 1734 tractu
1440 1653 1493 1735 ad
1525 1684 1651 1749 anum
1680 1664 1840 1768 pergit,
1885 1651 2099 1738 aventri·

401 1800 498 1888 culo
526 1801 702 1918 exiguo,
730 1802 801 1889 cui
831 1799 1033 1890 adhaeret
1062 1800 1343 1919 appendicula
1373 1800 1545 1918 exigua,
1573 1826 1705 1909 teres,
1735 1805 1845 1892 alba.

840 2024 1670 2080 ω--ιο--ῇ

1025 2220 1317 2329 oaoo
1386 2226 1557 2333 ut·

744 2503 1746 2665 BRANCHIATA.

1043 2815 1457 2861 -Φ-

538 3005 741 3118 Quamvis
769 3006 837 3091 Ill.
870 3009 1073 3093 Linrtueus
1114 3007 1330 3123 complura
1364 3006 1448 3093 hoc
1478 3007 1640 3093 Ordine
1668 3011 1757 3120 jure
1786 3003 2104 3124 comprehensa

397 3177 576 3266 genera,
618 3159 672 3245 ad
695 3156 937 3275 Amphibia
964 3190 1036 3243 sua
1064 3159 1274 3262 retulerit,
1318 3183 1364 3245 ut
1393 3157 1626 3275 Lophium,
1672 3160 1968 3275 Acipenseres,
2010 3163 2097 3279 Cy·
2187 3174 2191 3181 '

399 3305 631 3422 clopteros,
687 3310 889 3411 Balistes,
947 3311 1240 3409 ostraciones,
1297 3314 1600 3416 Tetrodontes,
1658 3343 1754 3396 cum
1783 3311 2098 3421 Diodontibus,

399 3456 660 3570 Centriscos,
692 3463 980 3580 Syngnathos‚
1013 3469 1213 3579 Pegas0s3
1245 3463 1375 3548 malui
1404 3487 1564 3567 tamen,
1595 3486 1767 3580 propter
1793 3463 2020 3551 branchias
2051 3492 2101 3557 et

400 3615 599 3727 opercula
642 3619 695 3702 ad
735 3616 1060 3701 similitudinem
1100 3615 1360 3731 reliquorum
1399 3617 1578 3733 piscium
1619 3619 1898 3717 conformata,
1938 3621 2100 3709 eadem

399 3758 502 3848 huic
532 3767 693 3872 ordini,
724 3798 961 3884 quanquam
988 3769 1348 3868 numerosissimo,
1380 3769 1634 3885 relinquere,
1664 3792 1715 3853 ut
1737 3775 1899 3854 Natura
1927 3775 2095 3863 suadet.

399 3918 576 4004 Possunt
605 3943 745 4006 autem
772 3952 829 4007 ex
869 3920 959 4008 illis
999 3925 1141 4040 plura,
1195 3954 1303 4038 quae
1345 3928 1397 4010 ab
1436 3921 1761 4038 Antiquioribus
1801 3923 2096 4039 appellatione

384 4074 570 4189 ‘piscium
614 4082 976 4189 cartilagineorum
1021 4074 1329 4192 comprehendi
1371 4079 1582 4180 solebant,
1648 4073 1856 4191 peculiari
1896 4075 2095 4164 sectione

399 4226 622 4324 recenseri,
651 4257 774 4341 aqua
802 4255 903 4312 vero
932 4229 984 4312 ad
1014 4228 1199 4343 reliquos
1228 4230 1420 4317 aristatas
1447 4229 1583 4346 pisces
1609 4257 1762 4343 pronus
1790 4251 1853 4313 est
1878 4228 2097 4320 transitus.

400 4373 641 4464 Subdivisio
669 4378 852 4494 piscium
892 4380 1236 4466 branchiatorum
1276 4381 1534 4498 reliquorum
1574 4381 1690 4465 nulla
1731 4382 1918 4495 perfecta
1952 4383 2097 4476 datur.

401 4526 554 4639 Neque
583 4529 698 4614 enim
726 4530 951 4617 Artediani
978 4532 1168 4632 ordines,
1210 4564 1347 4648 neque
1377 4529 1612 4619 Linnaeani
1637 4530 1737 4618 satis
1767 4556 1862 4618 sunt
1892 4534 2099 4641 absoluti,

397 4698 557 4763 utnon
584 4681 907 4799 exceptionibus
936 4686 1138 4770 laborent.
1177 4686 1338 4774 Cuncta
1365 4685 1507 4803 potius
1534 4713 1688 4801 genera
1713 4683 1761 4771 in
1788 4716 1912 4774 unam
1933 4687 2094 4779 seriem

394 4827 645 4939 cohaerent,
675 4864 803 4948 quam
829 4835 1060 4950 judiciosus
1088 4841 1330 4926 observator
1358 4838 1483 4927 facile
1511 4837 1754 4959 perspiciet.
