4404 5902
269 406 358 500 358
1041 430 1189 483 ¹¹·-''-'·-·

278 640 478 722 ventroles
520 635 641 720 albae
681 634 767 719 rad.
797 667 838 743 9.
886 632 1160 750 appendicula
1200 625 1425 715 dimidiam
1458 623 1633 742 pinnam
1671 640 1958 736 exsequente,

271 786 520 887 acuminata,
548 786 766 902 triquetra.
824 788 872 871 P.
900 796 969 870 ani
998 785 1093 868 alba
1120 782 1209 866 rad.
1245 813 1290 864 ιο
1320 802 1365 864 et
1398 810 1460 864 tr.
1487 798 1658 894 praeter
1684 776 1844 877 fulcra3
1872 776 1962 861 dor·

270 945 373 1024 salis
400 942 515 1023 fusca
546 941 634 1024 rad.
670 973 744 1040 12,
787 936 917 1022 rarius
959 973 995 1019 »ι
1028 958 1074 1020 et
1109 949 1169 1022 13.
1199 954 1364 1049 praeter
1391 933 1615 1017 obscurum
1643 928 1853 1019 fulcrunu
1882 928 1967 1011 odi·

269 1121 374 1204 poso
400 1120 553 1204 parva,
582 1087 780 1187 linearis,
810 1088 931 1205 apice
961 1087 1162 1183 dilatata,
1190 1084 1403 1199 superiore
1432 1081 1621 1196 margine
1649 1100 1823 1183 serrata,
1855 1077 1967 1165 anuli

269 1239 491 1356 posterior.
548 1244 697 1327 Cruda
728 1241 918 1341 bifurca,
961 1237 1128 1323 laciniis
1166 1234 1410 1350 aequalibus
1447 1231 1604 1318 radior.
1640 1266 1702 1338 ¹9·
1761 1233 1970 1346 Squnmac

266 1390 587 1478 minutissimae·
646 1397 771 1481 Color
798 1415 1044 1507 argenteus,
1087 1418 1208 1502 supra
1248 1409 1292 1471 et
1330 1391 1458 1500 paulo
1488 1385 1599 1471 infra
1623 1381 1787 1467 lineam
1822 1384 1970 1469 latern-

267 1538 354 1625 lem
384 1544 696 1648 coerulescens‚
741 1553 914 1630 maculis
957 1538 1286 1642 orbicularibus,
1330 1535 1437 1622 albis
1465 1564 1596 1652 prope
1625 1537 1801 1618 dorsum
1832 1536 1971 1621 subri-

270 1692 531 1778 rescentibus
571 1696 746 1811 sparsis,
789 1696 835 1781 in
875 1698 998 1780 dorso
1042 1695 1201 1793 fuscus,
1245 1687 1383 1795 uentri
1421 1685 1764 1772 candidissimus.
1824 1688 1972 1775 Variat

266 1843 481 1929 interdum
523 1847 655 1960 magis
691 1848 955 1961 nigrescente
999 1845 1151 1929 colore.
1209 1844 1318 1926 Caro
1359 1838 1405 1925 iu
1444 1838 1684 1925 borealibus
1723 1841 1886 1946 rubra,
1928 1842 1971 1927 in

266 1995 545 2082 orientalibus
573 1998 728 2084 albida.
786 2000 1018 2111 Longitudo
1056 1992 1258 2110 descripti
1294 1998 1336 2076 ι’.
1365 1993 1427 2097 4”.
1464 1988 1559 2076 rom.
1602 2012 1735 2105 caput
1766 1995 1825 2078 ad
1854 2022 1970 2109 oper·

264 2148 455 2232 culorum
498 2149 730 2261 marginem
760 2151 820 2236 δ”.
850 2151 917 2233 am.
959 2148 1088 2231 rictus
1123 2149 1177 2229 1⁰.
1207 2145 1277 2231 6⁰¹.
1318 2141 1521 2230 distantia
1558 2174 1584 2227 a
1624 2172 1800 2231 summo
1839 2171 1970 2233 rostro

263 2299 482 2383 oculorum
517 2302 604 2385 nm.
645 2301 735 2422 pin.
777 2299 1054 2416 pectoralium
1086 2298 1150 2384 δ”.
1176 2294 1241 2384 3”’.
1284 2295 1387 2381 inde
1430 2296 1485 2379 ad
1523 2294 1739 2379 ventrales
1780 2306 1848 2385 ς’.
1896 2302 1966 2390 rt'''.

263 2448 365 2534 inde
395 2453 448 2535 ad
477 2452 640 2537 analem
672 2462 731 2538 δ”.
761 2452 831 2556 5'‘'.
858 2451 959 2535 inde
988 2452 1040 2534 ad
1067 2449 1239 2538 initium
1268 2452 1425 2535 caudae
1455 2447 1511 2529 2“.
1549 2445 1627 2535 rim.
1661 2452 1762 2559 ejus
1788 2451 1970 2566 longitu-

264 2602 322 2685 do
353 2600 410 2685 ᾤ’.
445 2600 509 2687 a'''.
537 2601 689 2718 longit.
720 2602 965 2723 appendicis
996 2605 1047 2685 ad
1077 2603 1294 2686 ventralee
1311 2599 1461 2718 pinnas
1480 2599 1566 2687 W.
1594 2598 1790 2716 ipsarum
1823 2604 1968 2719 pinna·

262 2779 354 2833 rum
390 2752 446 2836 1⁹.
477 2754 548 2856 4‘⁴‘.
588 2760 630 2837 A
657 2784 819 2838 summo
847 2776 981 2838 rostro
1009 2756 1061 2871 ad
1090 2786 1130 2869 p.
1160 2753 1274 2840 dorsi
1303 2750 1489 2868 priorem
1516 2747 1580 2837 δ”.
1617 2752 1716 2839 ιο’”.
1746 2754 1859 2845 inde
1891 2756 1968 2843 adi·

262 2928 409 3031 posarn
438 2911 499 2990 δ”.
533 2907 627 2988 ro''‘.
667 2903 873 2989 crassities
902 2903 1090 3019 corporis
1117 2904 1181 2988 ibi
1211 2903 1398 2989 maxima
1426 2912 1486 2989 α’.
1530 2900 1719 2991 latitudo
1749 2908 1967 2999 verticalis

264 3063 325 3138 δ”.
355 3055 421 3155 4”.
461 3106 515 3121 --
564 3061 613 3138 In
646 3060 763 3167 pisce
786 3064 906 3170 cujus
933 3052 1158 3168 longitudo
1192 3057 1237 3139 ι’.
1271 3062 1352 3142 ιο”.
1380 3058 1453 3139 ο”.
1475 3055 1661 3170 pondus
1691 3072 1719 3147 5
1748 3059 1965 3147 librarum.

265 3207 383 3290 Cutis
411 3204 604 3319 pinguis,
648 3207 854 3307 delicata,
894 3229 941 3291 ut
968 3206 1014 3291 in
1042 3207 1221 3293 Farione
1245 3211 1304 3294 ob
1331 3204 1666 3295 teneritudinem
1695 3240 1964 3324 squamarum

263 3359 398 3443 edulia
429 3412 476 3424 -
508 3357 804 3443 Peritonaeum
833 3385 1088 3475 argenteum.
1147 3367 1231 3448 Cor
1256 3358 1496 3474 trigonum,
1523 3358 1859 3473 prismaticum,
1889 3394 1962 3451 uno

261 3511 389 3623 plano
419 3509 581 3623 spinam
611 3510 723 3599 dorsi
752 3512 996 3625 respiciens,
1023 3545 1144 3629 snpra
1174 3535 1565 3615 coronatum·sacco
1589 3519 1960 3617 venosovaricoso

261 3665 398 3773 ipsum
428 3690 499 3744 cor
525 3685 746 3777 aequante,
774 3685 817 3746 et
845 3695 1164 3750 eenamcenam
1192 3664 1438 3780 recipiente,
1469 3696 1493 3747 a
1522 3667 1677 3749 dextro
1709 3667 1852 3755 latere
1875 3671 1958 3767 sitor

266 3840 289 3892 o
320 3810 489 3896 sinistro
518 3845 662 3902 soccus
686 3815 859 3899 ¹cortic-us
887 3826 1105 3901 arteriasue
1137 3817 1259 3902 cordi
1296 3816 1604 3931 superpositus,
1649 3848 1674 3900 a
1712 3850 1807 3934 quo
1836 3839 1957 3910 dotto,

260 3967 351 4045 Hoc
380 3961 552 4067 inflato,
597 3981 667 4050 aer
694 3965 740 4049 in
770 3997 845 4051 cor
876 3996 960 4049 non
988 3967 1143 4066 intrat,
1174 3967 1351 4053 valvulis
1379 3966 1751 4082 impedientibus3
1798 3975 1955 4061 sedin

260 4113 411 4196 flentur
434 4113 666 4199 ‘branchiae
694 4147 890 4230 quorsum
918 4148 961 4205 se
990 4142 1106 4204 sorta
1144 4122 1269 4205 ductu
1304 4132 1505 4205 artertoso
1542 4118 1752 4209 insinuat.
1817 4131 1956 4213 Inflato

261 4291 381 4349 sacco
410 4294 567 4349 venoso
580 4326 594 4365 ,
636 4283 705 4352 aer
745 4270 790 4354 in
832 4299 925 4371 cor,
968 4300 1136 4355 saccum
1165 4269 1409 4356 arteriosum
1437 4292 1482 4354 et
1508 4268 1644 4385 hepar
1674 4280 1952 4391 progreditur.

260 4418 412 4501 Saccus
442 4440 582 4501 autem
610 4448 742 4504 venae
771 4451 899 4505 cavae
926 4422 970 4506 in
1001 4427 1104 4508 duos
1131 4424 1252 4508 lobna
1283 4420 1559 4538 dispescitur,
1605 4454 1795 4538 quorum
1834 4440 1954 4529 maior

257 4565 303 4651 in
341 4569 531 4652 canaiem
561 4594 796 4685 angustatus
826 4573 945 4658 cordi
985 4546 1206 4659 contianus
1247 4597 1338 4679 est,
1379 4574 1520 4661 minor
1548 4573 1659 4662 alter
1689 4583 1801 4669 duos
1829 4614 1953 4672 ramur

254 4717 527 4804 branchiales
568 4722 740 4808 emittit.
798 4727 939 4839 Hepar
967 4726 1199 4814 unilobum.
1253 4732 1401 4842 Cystis
1419 4736 1549 4842 fellea
1575 4738 1834 4852 perampla,
1873 4735 1953 4825 boi

263 4862 432 4984 hepatis
464 4900 486 4953 a
516 4871 678 4959 dextris
710 4877 875 4963 adnata.
913 4881 1081 4969 Arteria
1110 4884 1184 4972 sub
1214 4879 1308 4997 ipso
1334 4877 1660 5005 diaphragmate
1692 4885 1835 5009 hepar
1861 4890 1952 4987 adil·
