4404 5902
851 358 1071 443 ,a
1770 359 1833 477 65

139 601 279 736 Squali
306 633 447 727 species
472 628 587 703 Galea
613 631 730 703 affinis
756 635 846 704 satis
878 628 1048 722 frequens
1081 631 1260 706 derelicto
1284 637 1536 726 promontorio
1563 634 1833 709 Camtschatico

133 755 295 850 Lapara
322 759 422 826 dicto
448 762 485 822 in
517 757 665 824 Oceano
699 756 869 824 orientali
903 764 942 823 et
974 777 1021 824 ex
1055 760 1184 825 eodem
1217 759 1265 824 ad
1294 761 1478 825 Oceanum
1513 764 1692 827 sinensem
1724 781 1835 828 cursu

133 887 289 950 nautico
320 878 667 966 transgredientibus
703 880 808 946 nobis
837 878 903 944 sub
930 872 996 947 36ο
1023 870 1085 946 36'
1115 877 1317 947 latitudinis
1350 887 1390 949 et
1420 878 1512 950 201⁰
1538 874 1608 952 δυ’.
1635 880 1834 969 longitudi-

133 1008 194 1072 nis
223 1002 270 1068 ad
295 1000 391 1067 diem
416 1017 463 1067 aa
490 1000 659 1066 Octobris
699 998 801 1071 1805*
825 1020 939 1089 usque
970 1002 1049 1065 risa
1081 1006 1120 1067 et
1144 999 1280 1088 pluries
1317 1009 1425 1091 capta
1459 1023 1491 1069 as
1524 1022 1584 1070 me
1609 980 1768 1069 dissecta
1793 1006 1833 1070 et

133 1126 333 1213 disquisita
358 1121 445 1205 fuit,
480 1118 645 1188 habitum
671 1126 781 1209 piscis
813 1121 1048 1212 ejusdemque
1074 1126 1296 1189 structuram
1321 1129 1361 1192 et
1384 1125 1627 1191 dimensiones
1655 1127 1831 1212 partium,

136 1249 400 1313 intestinorum
431 1248 471 1309 et
502 1246 680 1309 vermium
711 1240 972 1310 intestinalium
1005 1248 1172 1308 naturam
1204 1247 1419 1329 praesertim
1452 1247 1608 1312 Taeniae
1640 1242 1835 1332 hepaticus

137 1366 331 1456 explicavi
354 1370 394 1430 et
417 1362 612 1430 delinaevi.
676 1363 888 1433 vesiculam
921 1359 1066 1428 felleam
1098 1381 1171 1426 non
1203 1369 1310 1431 extra
1342 1362 1457 1455 hepar
1488 1365 1615 1432 sedin
1641 1370 1720 1454 ipsa
1746 1366 1831 1432 sub·

135 1490 279 1557 stantia
308 1485 451 1573 hepatis
477 1481 656 1551 inclusam
681 1486 804 1551 inveni
831 1491 870 1552 et
893 1481 986 1549 hanc
1012 1484 1172 1571 speciem
1199 1484 1235 1548 in
1261 1487 1407 1552 Oceano
1436 1485 1605 1554 orientali
1621 1483 1833 1556 Camtscha·

135 1613 217 1678 tico
245 1607 577 1697 frequentissimam
602 1603 816 1672 animalibus
853 1608 968 1673 Rosso
984 1605 1182 1669 ·Asiaticis
1219 1603 1525 1673 adnumerandam
1563 1609 1712 1695 putavi,
1766 1606 1832 1674 sed

137 1751 229 1799 curn
254 1727 443 1795 historiam
467 1724 671 1794 naturalem
707 1733 747 1808 et
784 1722 1052 1813 slriagraphiam
1088 1732 1273 1792 anatomes
1300 1726 1515 1814 Squalorum
1543 1732 1579 1795 in
1605 1731 1735 1795 itinere
1761 1732 1833 1796 cir·

134 1872 227 1920 cum
252 1856 389 1917 terram
415 1853 606 1934 captorum
633 1850 801 1935 auspiciis
832 1848 938 1913 amici
970 1847 1274 1933 experientissimi
1310 1846 1508 1938 Rudolphii
1534 1852 1741 1916 Anatomici
1765 1852 1833 1914 Be-

133 1970 335 2039 rolinensis
361 1968 600 2051 drsdiderim,
626 1970 730 2036 utin
756 1967 948 2034 Germania
976 1965 1114 2057 publici
1138 1969 1227 2055 juris
1255 1968 1342 2053 liat,
1377 1967 1437 2037 hic
1462 1974 1606 2037 tanturn
1633 1969 1831 2055 annotabo,

131 2089 314 2182 Squalum
352 2088 649 2178 decempedalem
687 2086 902 2177 plerumque
954 2087 1065 2156 luisse
1109 2087 1292 2155 interdum
1338 2095 1378 2156 et
1418 2086 1718 2178 novempedalem
1752 2107 1838 2156 cum

134 2215 274 2300 viginti
301 2216 339 2278 at
363 2216 454 2298 quot
479 2213 644 2277 excurrit
669 2208 844 2297 pollicum
869 2230 1040 2295 numero,
1067 2212 1271 2298 viviparum
1297 2189 1593 2300 octopterygium
1618 2213 1655 2276 in
1681 2208 1835 2276 maxilla

131 2335 323 2423 superiori
349 2329 504 2421 simplici
530 2330 692 2397 dentium
717 2329 993 2416 triangularium
1032 2328 1290 2396 serrulatarum
1315 2335 1492 2421 majorum
1518 2331 1664 2417 ordine,
1714 2334 1752 2397 iu
1777 2333 1833 2396 in-

129 2456 274 2524 feriore
300 2450 438 2541 duplici
463 2454 643 2518 minorum
669 2458 868 2534 armatum,
896 2458 1122 2538 gregarium,
1149 2454 1352 2537 cinereum,
1382 2471 1537 2539 corpore
1564 2451 1695 2519 obtuse
1718 2454 1832 2518 trian-

128 2574 261 2666 gulari
286 2575 494 2662 prismatico
520 2575 638 2663 pionis
671 2570 919 2662 pectoralibus
957 2571 1171 2659 longissimis
1214 2574 1317 2660 quasi
1342 2569 1458 2658 alato,
1510 2571 1740 2641 velocissime
1768 2589 1834 2639 ua·

123 2702 283 2768 tanton
307 2701 346 2764 et
369 2685 658 2763 voracissimum.
760 2689 798 2764 T
800 2739 964 2768 .....
991 2713 1017 2762 s.

690 2901 1319 2923 mm

411 3055 494 3160 IX.
556 3049 1561 3160 PETROMYZONTES.
1685 3118 1688 3126 -

822 3294 1137 3315 m

284 3452 418 3561 Hujus
446 3442 695 3563 praesertim
724 3442 889 3560 generis
930 3473 1026 3529 cum
1066 3436 1314 3557 Amphibiis
1343 3437 1405 3526 sic
1433 3438 1580 3546 dictis,
1636 3466 1680 3529 et
1706 3442 1852 3534 simul·

125 3638 240 3701 cum
281 3597 471 3687 Piscibus
518 3595 835 3683 branchialibus
883 3626 961 3711 per
1010 3595 1149 3680 affinia
1195 3624 1349 3708 genera
1390 3593 1605 3709 analogia,
1672 3596 1832 3685 limites

126 3755 341 3852 classicos
366 3751 479 3836 inter
506 3749 644 3835 Pisces
673 3772 717 3834 et
750 3746 988 3855 Amphibia
1029 3748 1156 3852 plane
1196 3746 1314 3831 tollit
1354 3767 1398 3830 et
1424 3749 1649 3860 Amphibia
1679 3748 1740 3836 sic
1769 3750 1833 3836 di·

126 3939 211 4004 cta
240 3932 441 4022 tanquam
466 3901 674 3991 Ordinem
703 3898 856 3988 Classis
896 3902 1152 3986 Animalinm
1189 3897 1706 4011 sanguineo-frigidorum
1734 3927 1833 3986 con·

128 4061 406 4155 stituendum
435 4085 525 4144 esse
552 4057 723 4171 probat,
779 4050 1061 4163 Antiquorum
1090 4050 1136 4134 in
1162 4052 1346 4136 laudem.
1411 4051 1623 4133 structura
1649 4078 1832 4164 praeser-

128 4220 227 4308 tim
257 4240 506 4327 organorum
552 4203 838 4336 respirationis
868 4207 951 4317 (t),
1014 4204 1243 4317 generandi
1284 4203 1431 4286 modus
1472 4220 1516 4282 et
1553 4204 1714 4285 Natura
1742 4224 1834 4289 tota

132 4382 501 4479 Petromyzontes
542 4359 657 4446 inter
695 4351 979 4468 heterogenea
1016 4380 1062 4442 et
1099 4351 1326 4469 singularia
1367 4348 1590 4438 creationis
1629 4355 1835 4468 producta

126 4515 383 4616 constituit.

123 4714 459 4748 ..μ’-

188 4836 251 4930 (s)
278 4849 388 4932 quam
412 4833 451 4899 in
466 4832 558 4901 'rom
581 4832 642 4899 ΠΙ.
656 4831 765 4898 Mem.
793 4824 839 4898 de
864 4824 1006 4896 l’Acad.
1026 4821 1090 4893 des
1108 4842 1159 4893 sc.
1185 4821 1232 4893 de
1256 4818 1305 4892 St·
1319 4816 1477 4892 Petersb.
1504 4836 1539 4914 p.
1556 4817 1641 4914 246.
1669 4826 1837 4915 exposui.

1354 4991 1379 5064 9
