4404 5902
387 430 452 517 40
1163 434 1312 492 a

526 636 698 754 Species
727 629 1061 752 elegantissima,
1091 632 1301 721 constanti
1328 660 1494 751 semper
1520 637 1693 739 colore,
1720 634 1768 726 in
1794 640 1971 731 desertis
1999 644 2084 732 ari·

389 785 456 874 dis
483 790 730 875 australibus
772 790 827 873 ad
868 786 1068 891 Cumam,
1128 792 1290 872 laicum
1333 810 1378 872 et
1417 787 1539 874 Irtim
1566 792 1788 878 observata
1815 818 1859 879 et
1886 794 1933 881 in
1960 794 2086 883 omni

391 941 501 1025 forte
529 939 700 1025 Tataria
725 967 877 1054 magna
904 967 1147 1043 occurrens,
1206 970 1230 1024 a
1271 941 1509 1028 Gmelirro
1551 940 1681 1027 etiam
1718 936 1914 1031 ePersia
1940 948 2086 1034 missa.

390 1091 551 1207 Agilis,
607 1091 725 1176 miris
753 1090 876 1177 nodis
905 1119 949 1175 se
976 1088 1197 1176 involvens
1225 1094 1396 1206 quando
1430 1091 1626 1180 laeditur.
1683 1095 1838 1198 Arida,
1877 1099 2085 1212 glareosa,

390 1268 590 1331 montana
619 1265 732 1329 amat
758 1240 875 1329 etin
903 1241 1087 1357 vepretis
1115 1242 1270 1356 passim
1298 1245 1496 1331 occurrit.

531 1399 706 1484 Descr.
737 1400 896 1511 Corpus
924 1392 1101 1508 gracile,
1145 1419 1278 1500 teres,
1323 1395 1582 1509 aequaliter,
1613 1399 1746 1514 magis
1774 1400 1938 1515 postice
1968 1403 2090 1487 adte-

391 1573 578 1637 nuatum.
636 1552 773 1665 Caput
799 1579 993 1664 parvum,
1024 1570 1308 1663 tetragonum,
1351 1546 1478 1632 lineis
1506 1547 1658 1663 nigris,
1696 1552 1943 1667 praesertim
1969 1575 2091 1639 sutu-

396 1700 565 1805 ralibus,
596 1723 762 1818 praeter
789 1698 1006 1804 verticem,
1034 1699 1323 1786 reticulatum.
1382 1702 1513 1786 Irides
1539 1699 1749 1788 cinereae.
1807 1707 1932 1794 Color
1959 1736 2091 1823 supra

391 1881 568 1939 amoene
599 1875 643 1938 et
670 1852 806 1940 dilute
837 1882 988 1969 gryseo
1001 1902 1017 1919 ·
1030 1850 1244 1956 cinereus,
1273 1860 1415 1966 strigis
1440 1848 1574 1936 tribus
1603 1851 1722 1954 latis,
1764 1855 2090 1972 longitudinali·

391 2007 487 2110 bus,
544 2003 844 2107 albidioribus,
901 2003 1014 2088 inter
1041 2033 1141 2117 quas
1170 2002 1338 2088 ordines
1367 2005 1451 2089 duo
1480 2003 1633 2088 alterni
1661 2038 1848 2093 arearum
1874 2006 2093 2094 orbicula-

391 2155 524 2261 rium‚
568 2155 691 2270 nigro
720 2154 1057 2253 reticulatamm,
1113 2152 1279 2266 aliaque
1306 2152 1491 2238 lateralis
1519 2154 1772 2262 obsoletior,
1818 2187 1924 2276 quae
1951 2156 2092 2247 etiam

391 2338 469 2427 per
495 2310 674 2393 caudam
699 2303 854 2422 pergit.
910 2306 1127 2390 Abdomen
1155 2304 1364 2409 albidum,
1403 2303 1541 2389 lituris
1570 2305 1743 2393 minutis
1771 2309 1897 2396 fuscis
1924 2333 1970 2395 et
1997 2332 2092 2399 ato·

393 2459 475 2546 mis
504 2455 749 2543 rubicundis
778 2458 1034 2570 adspersum.
1106 2459 1232 2541 Scuto
1261 2456 1547 2542 abdominalia
1580 2471 1667 2544 188.
1695 2510 1753 2525 -
1786 2496 1874 2566 190.
1905 2512 1957 2529 -
1987 2496 2090 2552 aaa.

392 2611 441 2696 in
468 2610 622 2710 variis3
663 2639 859 2725 squamae
887 2610 1160 2693 subcaudales
1187 2607 1399 2723 plerisque
1428 2622 1494 2696 65.
1520 2657 1577 2679 -
1606 2623 1670 2695 66.
1735 2611 1987 2725 Operculum
2016 2623 2094 2702 uni

394 2763 491 2868 uui,
547 2761 626 2847 bi·
642 2782 686 2845 et
722 2756 1057 2877 trisquamatum.
1127 2759 1362 2874 Longitudo
1406 2763 1455 2844 α’.
1498 2763 1558 2846 6‘.
1602 2768 1674 2848 6‘''.
1716 2763 1874 2849 caudae
1919 2765 1980 2855 δ”.
2011 2767 2092 2856 δ”.

394 2913 548 3030 cupitis
583 2913 674 2999 rt'''.

478 3080 522 3169 β.
551 3072 600 3150 In
627 3067 836 3152 Varietate
865 3066 1052 3152 Cumana
1064 3101 1080 3163 ‚-
1136 3089 1263 3184 caput
1303 3098 1426 3184 supra
1466 3069 1631 3153 macula
1671 3071 1857 3185 repanda
1887 3092 2093 3179 saturata,

393 3215 616 3334 crepidine
645 3217 782 3332 nigra,
839 3250 936 3303 area
972 3215 1145 3303 linearis
1186 3221 1420 3304 luscescens
1447 3248 1559 3333 pone
1587 3219 1731 3304 oculos
1759 3220 2093 3336 longitudinalis

394 3393 441 3455 et
467 3401 586 3455 oreae
630 3404 668 3454 a.
713 3367 1044 3486 longitudinales
1085 3404 1110 3455 a
1152 3368 1292 3456 nucha
1331 3373 1661 3475 descendentes,
1717 3372 1939 3488 crepidine
1975 3372 2094 3461 item

395 3524 511 3608 fisca
540 3520 896 3639 circumscriptae.
966 3525 1129 3638 Strigoe
1167 3521 1495 3636 longitudinales
1523 3521 1708 3637 pallidae
1738 3547 1780 3608 et
1808 3554 1929 3610 areae
1955 3522 2097 3611 inter·

395 3680 533 3789 jectae
562 3674 651 3759 fere
681 3674 919 3778 annulares,
958 3706 982 3758 a
1009 3673 1149 3787 strigis
1178 3672 1456 3789 interruptae.
1510 3671 1620 3757 Huic
1648 3696 1765 3758 scuta
1794 3679 1848 3762 ad
1877 3708 1973 3762 soa.

692 3953 772 4064 34.
845 3940 1241 4035 COLUBER
1312 3940 1785 4059 quadrilirreatus.

535 4129 586 4217 C.
614 4159 736 4245 supra
764 4127 979 4233 cinereus,
1024 4125 1163 4245 strigis
1192 4148 1370 4243 quatuor
1397 4123 1775 4241 longitudinalibus
1803 4129 1952 4238 fuscis,
1994 4138 2098 4223 sub·

396 4302 463 4367 tus
490 4279 676 4398 pallidus
704 4283 821 4366 fusco
848 4303 1084 4397 punctatus.

537 4437 588 4516 In
615 4431 824 4518 Tauricae
855 4429 1109 4518 Chersonesi
1137 4429 1343 4516 ruderatis
1370 4429 1494 4516 siccis
1522 4431 1704 4518 occurrit
1732 4432 1877 4520 rarius.

535 4586 711 4671 Descr.
754 4589 971 4670 Crassities
999 4579 1126 4694 digiti
1154 4579 1348 4681 minimi3
1404 4584 1619 4698 longitudo
1648 4586 1901 4691 subulnaris,
1958 4594 2105 4681 canda

398 4734 473 4822 vix
502 4735 630 4852 digiti
659 4733 942 4851 longitudine.
1000 4736 1137 4848 Caput
1163 4763 1365 4847 parvum,
1405 4731 1581 4821 inerme.
1639 4740 1800 4852 Corpus
1826 4770 1950 4855 supra
1977 4742 2105 4830 cine·

399 4919 471 4976 reo
490 4888 778 5010 pallescente
821 4885 982 4997 colore,
1041 4893 1181 5002 strigis
1220 4885 1344 4974 fuscis
1385 4884 1619 5007 quaternis,
1681 4889 1841 4977 duabus
1880 4891 1928 4978 in
1970 4896 2108 4986 dorso
