4404 5902
345 354 437 467 19⁶
1130 362 1283 431 ΕΞ

341 615 399 665 ιι.
417 610 477 669 12.
500 590 567 686 re)
593 590 784 667 vermium
817 583 1160 678 rublrIangularium
1192 587 1491 658 viridescenlium
1523 583 1709 679 peculiare
1738 585 1916 677 gemula
1940 580 2060 653 lmus-

585 712 840 785 vertebrarum
879 718 917 780 et
956 711 1002 778 ad
1039 717 1226 781 costarum
1271 713 1486 779 insertiones
1525 717 1738 800 repertum,
1775 728 1932 800 quorum
1956 710 2054 775 sitne

584 833 762 906 naturalis
788 840 824 901 in
851 837 1018 922 sequenti
1043 831 1168 903 tabula
1197 838 1406 923 exponitur.

441 960 605 1031 Tabulae
629 964 743 1025 xxtre
771 956 885 1046 figura
920 958 1039 1046 prima
1071 940 1323 1044 repraesentat
1355 952 1551 1023 columnae.
1581 952 1834 1024 vertebrarum
1860 948 2055 1045 Waclmjae

338 1085 547 1172 portionem
578 1079 852 1168 compartibus
880 1080 1041 1145 annexis.
1105 1075 1302 1146 vertebrae
1328 1080 1430 1167 ipsae
1455 1080 1516 1145 Aa
1543 1080 1719 1168 perluatio
1747 1080 1786 1142 et
1809 1078 1937 1143 vesica
1963 1094 2053 1144 aue·

338 1208 413 1271 mia
442 1224 565 1273 crassa
591 1200 746 1270 candida
770 1204 868 1267 intus
893 1198 1023 1266 uillosa
1062 1197 1248 1283 obducta,
1291 1197 1411 1266 medio
1453 1198 1626 1286 dilatata,
1667 1199 1702 1285 l)
1730 1196 1889 1264 dissecta
1925 1196 2054 1267 altera

339 1331 446 1414 parte
483 1329 510 1393 B
542 1323 742 1407 reclinata,
782 1326 823 1388 ut
854 1327 996 1389 meatus
1023 1344 1061 1388 cc
1088 1322 1310 1410 pneumatici
1349 1319 1531 1389 orilicium
1566 1325 1604 1388 in
1638 1324 1879 1408 conspectum
1907 1322 2056 1389 veniat.

343 1446 433 1514 daa.
470 1450 655 1516 vermium
681 1441 865 1534 peculiare
892 1462 1004 1531 genus
1033 1441 1322 1508 viridiscentium
1348 1441 1696 1531 subtriangularium
1728 1437 1896 1507 infossis
1921 1448 2057 1510 verte·

341 1565 489 1633 brarum
518 1586 634 1657 prope
659 1567 895 1632 insertionem
921 1571 1105 1631 costarum
1132 1562 1194 1631 vel
1227 1566 1411 1652 spinarum
1444 1567 1652 1655 jacentium.
1717 1566 1856 1630 insitu
1884 1562 2056 1635 naturali

343 1707 484 1755 vermes
510 1687 566 1755 illi
592 1708 700 1755 muco
726 1683 877 1754 obducti
905 1691 988 1753 sunt
1014 1692 1052 1753 et
1078 1690 1181 1774 quasi
1208 1683 1334 1752 nidum
1360 1705 1547 1753 mucosum
1576 1690 1613 1754 in
1637 1684 1740 1752 fossis
1756 1703 1889 1774 parare
1905 1682 2054 1775 solent,

341 1805 513 1876 sidentur
535 1808 658 1877 medio
684 1810 880 1897 impressi3
914 1809 1070 1874 exemtis
1096 1828 1185 1874 vero
1213 1805 1326 1874 hocce
1353 1827 1484 1875 carum
1510 1805 1674 1875 centrale
1702 1826 1749 1874 err
1774 1804 1931 1896 papillis
1958 1806 2055 1876 rlue·

341 1925 409 1995 bur
434 1935 555 1997 ortum
581 1950 662 1999 esse
688 1927 1006 1997 verosimillimum
1032 1932 1100 1997 est.
1168 1932 1355 2016 Nusquam
1387 1927 1433 1995 de
1459 1928 1645 1997 vermibus
1671 1925 1770 1994 hisce
1796 1926 2057 2017 singularibus

341 2068 401 2117 rue
426 2046 549 2139 legere
575 2055 708 2119 nemini
736 2069 987 2137 necunquam
1014 2049 1218 2117 delineatae
1243 2049 1330 2118 vidi.
1387 2053 1459 2140 Fig.
1487 2068 1522 2120 a.
1555 2055 1807 2139 repraesentat
1832 2054 1936 2117 uteri
1965 2070 2054 2121 cor·

345 2186 422 2236 uua
447 2175 613 2264 superius
640 2172 819 2264 disjuncta
844 2169 992 2238 inferius
1016 2180 1227 2263 semuncta,
1258 2192 1306 2238 ex
1324 2168 1508 2239 Wachuia
1532 2168 1706 2238 loemella
1730 2176 1896 2242 exenta.

815 2410 930 2513 144.
987 2392 1265 2485 GADUS
1321 2393 1575 2512 Navaga.

466 2585 533 2666 .G.
562 2580 761 2698 tripinnis
773 2644 788 2682 ,
839 2578 1046 2667 cirrhatus
1075 2582 1334 2687 maculosus,
1387 2580 1563 2669 maxilla
1589 2580 1803 2705 superiore
1829 2580 2060 2701 longiore,

341 2727 456 2817 linea
484 2735 650 2820 laterali
677 2765 788 2852 pone
819 2766 944 2819 anum
974 2734 1205 2821 incurvata.

564 2891 704 2975 Gadus
731 2895 920 3003 Navaga,
947 2892 1152 2975 Koelreut.
1183 2893 1367 2975 comus.
1396 2891 1566 3005 Petrop.
1595 2890 1708 2975 le.
1739 2901 1898 3007 p.484.
1933 2914 1968 2980 l.
1990 2928 2055 2983 rs.

636 3079 649 3127 r
683 3043 844 3129 ‚boun

562 3045 771 3282 Caiilgarise
799 3194 979 3281 varietas
1006 3203 1049 3295 β.
1078 3199 1250 3282 Gmelia.
1279 3216 1385 3309 syst.
1412 3200 1504 3282 Lin.
1530 3199 1609 3282 ill
1637 3228 1680 3312 p.
1714 3209 1833 3287 1161.
1864 3229 1935 3315 sp.
1970 3236 2015 3289 a.

454 3348 599 3433 nassis
629 3349 823 3461 Navaga.

481 3506 531 3585 ln
562 3499 668 3586 mari
696 3503 827 3586 boreo
854 3531 995 3586 versus
1031 3500 1231 3617 hyemem
1267 3532 1418 3617 magna
1454 3501 1577 3620 copia
1614 3501 1780 3620 capitur
1817 3524 1865 3587 et
1895 3510 2051 3597 Petro·

339 3655 460 3771 polin
489 3655 674 3768 aliasque
706 3655 758 3737 ud
786 3659 909 3740 urbes
940 3653 1191 3757 advehitur,
1241 3655 1287 3740 in
1315 3655 1471 3741 mensis
1498 3654 1861 3742 aestimatissimue
1888 3659 2048 3776 piscis.

339 3805 517 3922 Capitur
544 3805 672 3891 etiam
702 3808 755 3891 ad
784 3806 948 3896 Oceani
978 3807 1169 3922 glacialis
1196 3838 1338 3914 oram,
1387 3839 1518 3925 usque
1548 3812 1602 3896 ed
1629 3811 1698 3897 Ob
1726 3811 1768 3895 t.
1798 3808 1931 3900 ostia.
1993 3822 2052 3901 ln

335 3955 529 4045 balthico
556 3961 686 4047 deest.

474 4113 646 4199 Descr.
682 4114 931 4228 Magnitudo
959 4115 1087 4231 vulgo
1114 4112 1392 4232 spithamalis.
1452 4119 1589 4238 Caput
1616 4142 1838 4231 magnum,
1882 4119 2047 4229 laturo,

339 4292 483 4349 sersus
509 4289 688 4351 rostmm
717 4270 912 4353 obtusum
942 4268 1202 4385 depressius;
1231 4278 1407 4358 maxilla
1436 4271 1626 4390 superior
1652 4268 1834 4383 longior,
1866 4283 2049 4387 inj'erior

335 4413 475 4502 cirrho
504 4416 669 4504 minuto
699 4449 753 4505 ex
782 4419 876 4537 ipso
904 4424 1057 4536 angulo
1085 4421 1196 4508 inter
1224 4456 1373 4513 ramos.
1417 4426 1479 4511 Or
1506 4427 1731 4524 labiarum3
1760 4424 1907 4513 dentes
1930 4430 2049 4519 serie

334 4571 538 4675 conserte,
569 4571 801 4690 multiplici
828 4573 873 4660 in
901 4574 1101 4661 inferiore
1130 4597 1173 4660 et
1203 4607 1300 4662 arcu
1326 4578 1455 4694 palati
1471 4614 1483 4680 ς
1512 4578 1722 4665 tuberculo
1749 4579 1840 4662 duo
1870 4586 2040 4670 scaber·

334 4718 441 4806 rima
468 4723 515 4808 in
544 4724 706 4813 fornice
734 4727 931 4816 faucium.
988 4730 1121 4817 Nares
1148 4732 1382 4846 depressae,
1412 4731 1583 4831 bifores,
1613 4728 1747 4817 oculis
1775 4732 1913 4846 paulo
1943 4764 2039 4852 prr>

312 4871 472 4988 piures.
559 4848 784 4969 Oculorum
810 4879 887 4966 iris
912 4885 1199 5003 suburgentes.
1267 4887 1473 5002 Operculo
1499 4880 1799 4974 branchiarum
1831 4886 2045 5006 oblonga,
