4404 5902
983 422 1130 472 ...τ-.-
1859 420 1919 509 ²5

252 634 369 752 capitis
394 624 608 723 elevatae;
651 621 761 708 dorsi
789 619 1057 719 imbricatae,
1098 622 1367 725 rotundatas,
1410 621 1511 708 stria
1537 622 1680 712 media
1707 623 1913 714 carinula·

254 804 320 880 tae,
364 776 638 891 majusculae,
692 773 738 857 in
779 771 918 857 nucha
947 796 992 858 et
1018 775 1248 858 secundum
1277 775 1441 889 spinam
1470 809 1649 891 parvae,
1715 808 1888 897 asperae
1898 813 1917 880 ,·

256 955 465 1049 temporum,
496 923 938 1043 hy-pochondriorum,
968 929 1125 1040 pedum
1154 949 1329 1011 externe
1358 951 1484 1045 atque
1510 933 1668 1018 caudae
1686 932 1912 1038 maximae,

250 1083 444 1200 asperrime
485 1079 724 1166 echinatae.
795 1081 880 1163 Sub
922 1080 1018 1192 gula
1047 1084 1165 1163 etin
1193 1079 1368 1194 inguine
1396 1111 1498 1195 ruga
1525 1083 1634 1169 cutis
1662 1107 1911 1170 transversa.

250 1239 350 1322 cuer
371 1265 494 1349 supra
521 1231 929 1336 livido-virescens,
988 1232 1308 1334 fusco-varius,
1365 1235 1577 1320 abdomen
1605 1235 1652 1320 in
1678 1236 1914 1351 junioribus

255 1385 424 1489 albidum,
456 1386 504 1471 in
532 1383 675 1470 medio
704 1405 840 1468 aetate
871 1382 1127 1486 aurantium,
1156 1382 1203 1467 in
1232 1383 1385 1469 adultis
1413 1385 1682 1472 uniformiter
1713 1387 1912 1497 lividum,

249 1539 312 1622 asad
332 1538 419 1653 gula
445 1567 613 1653 semper
636 1535 805 1652 'aliquid
833 1535 1015 1620 aurentii
1043 1535 1214 1620 retinet.
1270 1538 1503 1649 longitudo
1535 1539 1667 1626 totius
1715 1551 1799 1626 ro‘'.
1842 1535 1877 1628 6¹
1877 1542 1913 1627 ''.

250 1687 372 1804 capitis
399 1692 463 1775 ad
503 1719 620 1774 aures
654 1690 711 1773 1“‘.
739 1687 805 1787 .r'‘',
847 1690 1005 1803 pedum
1041 1711 1177 1772 anter.
1224 1701 1283 1776 Ψ.
1325 1689 1396 1778 δ”..
1437 1691 1716 1805 posteriorum
1755 1696 1811 1781 a'.
1841 1691 1916 1802 9''‘.

258 1839 506 1929 remmam
533 1863 682 1926 atrum.
739 1842 882 1957 Hepar
908 1868 1127 1952 magnum,
1143 1936 1149 1944 ¹
1164 1840 1372 1947 bilobum,
1419 1841 1634 1928 sinistrum
1662 1843 1912 1960 hypoehon·

252 1989 366 2080 drium
390 2023 620 2111 occupans,
677 1995 808 2115 ductu
835 2017 1013 2104 magn03
1070 1996 1144 2080 sed
1174 2005 1306 2106 cystis
1333 1993 1530 2102 minima,
1587 1993 1677 2083 imo
1704 1996 1780 2082 vix
1808 1996 1911 2084 ulla.

254 2143 479 2234 Ventriculus
505 2144 788 2261 cylindricus,
830 2141 942 2227 inter
968 2141 1102 2261 hepar
1129 2168 1173 2230 et
1198 2144 1390 2262 spinam.;
1438 2147 1692 2265 coleopteris
1720 2172 1765 2235 et
1789 2177 1915 2264 vege·

257 2294 421 2385 subilibus
449 2300 646 2415 repletus.
700 2302 942 2384 intestinum
985 2330 1051 2401 10}
1075 2298 1295 2415 pollicum,
1323 2297 1479 2384 calami
1505 2299 1715 2402 crassitie3
1747 2333 1913 2389 coecum

255 2449 457 2537 ventriculo
485 2457 637 2565 majus,
664 2448 943 2568 bipollicare.
975 2448 1135 2565 pollice
1163 2448 1351 2556 crassius,
1382 2481 1507 2536 omne
1534 2423 1913 2569 hypochondrium
2005 2432 2008 2438 ⁴

251 2595 415 2688 <dextrum
446 2605 629 2720 replens.
686 2608 787 2691 Lien
814 2633 900 2688 non
934 2625 1119 2718 apparet.
1177 2605 1303 2689 Penes
1331 2605 1427 2708 dno,
1458 2605 1513 2689 ad
1542 2608 1700 2691 caudae
1728 2604 1911 2723 spinam,

254 2777 355 2868 prope
379 2788 525 2862 anum,
568 2789 653 2844 non
678 2753 892 2842 muricati.
965 2757 1181 2841 Pulmones
1208 2755 1253 2839 in
1282 2778 1453 2871 pectore
1483 2758 1757 2863 vesiculares,
1797 2760 1911 2843 laete

253 2903 350 2995 rubri
432 2914 515 2998 Car
564 2909 837 3028 triquetrum,
899 2907 988 3024 pisi
1034 2906 1358 3024 magnitudine,
1441 2907 1640 2995 auriculis
1682 2945 1705 2997 a
1746 2906 1915 3026 magnis

247 3051 431 3174 stipatum.

342 3315 427 3385 21.
489 3240 897 3386 LAQERTA
947 3291 1289 3410 balioscapa.
1329 3289 1462 3381 TAB.
1502 3285 1579 3379 Vl.
1607 3277 1697 3412 fig.
1738 3317 1784 3394 2.

352 3527 402 3607 L.
444 3522 630 3640 corporis
671 3522 854 3643 squamis
897 3518 1147 3639 granulatis,
1203 3518 1358 3636 passim
1396 3518 1601 3606 muricato
1614 3567 1631 3586 ·
1644 3515 1913 3637 prominulis,

248 3673 352 3762 stum
376 3674 587 3763 mediocri
613 3698 804 3784 tenuata,
834 3671 1019 3794 squamis
1045 3673 1222 3778 lineata,
1251 3671 1345 3759 basi
1373 3671 1591 3758 muricata.
1943 3655 1946 3662 ¹

436 3834 614 3916 Lacerta
654 3827 924 3948 helioscopa,
977 3832 1085 3916 Pata
1129 3837 1218 3913 itin.
1256 3829 1294 3911 Ι.
1334 3859 1375 3943 p.
1407 3840 1502 3940 457.
1542 3854 1584 3912 n.
1621 3861 1682 3915 ra.
1730 3829 1911 3912 Gmelirr.

492 4004 599 4096 ayss.
628 3986 825 4069 1thst
855 4017 897 4100 p.
932 3999 1049 4094 1074.
1076 4013 1140 4098 sp.
1170 3993 1238 4087 69.

442 4141 621 4223 Lacerta
662 4132 885 4242 uralensis,
939 4137 1112 4250 Lepech.
1155 4140 1201 4219 it.
1241 4135 1274 4215 Ι.
1313 4164 1354 4248 p.
1397 4144 1492 4246 317.
1529 4131 1621 4219 tab.
1646 4163 1717 4216 aa.
1752 4129 1843 4244 fig.
1876 4159 1913 4216 ι.

500 4293 674 4380 Gmelin.
702 4310 809 4404 syst.
837 4293 927 4376 Liar.
960 4291 1039 4374 Ι-Η.
1063 4319 1110 4406 p.
1142 4300 1262 4398 ¹⁰7³·
1291 4316 1356 4401 sp.
1386 4298 1454 4398 ⁶7⁴
1684 4295 1689 4306 '

332 4438 534 4531 sacharia
560 4445 723 4531 Kallas.

331 4594 571 4685 Calmuccis
597 4601 756 4712 Kyhn-
771 4597 922 4684 carhet
947 4594 998 4706 (i.
1027 4624 1066 4680 e.
1095 4588 1451 4710 antropomorpha
1476 4588 1672 4704 lacerta).

360 4757 412 4836 In
441 4750 645 4866 squalidis
669 4750 801 4838 totius
829 4747 998 4837 deserti.
1014 4745 1193 4864 caspici,
1247 4742 1495 4864 praesertim
1531 4735 1797 4855 salsuginosis
1832 4734 1913 4823 ari·

248 4886 317 5011 ὥ,
368 4903 723 5023 frequentissima.
787 4907 987 5021 Semper,
1041 4903 1159 5020 q'uod
1195 4898 1369 5005 mirum,
1427 4897 1615 4983 colorem
1641 4890 1725 4980 soli
1751 4888 1800 4979 in
1827 4914 1914 5009 quo

1426 5065 1455 5155 4
