4404 5902
505 104 560 185 In
584 102 722 185 Ponto
748 89 921 180 Euxino
947 88 1062 178 circa
1086 88 1232 178 littora
1258 84 1518 179 Chersonesi
1542 81 1752 173 Tauricae
1780 105 1845 171 sat
1880 86 2110 203 vulgari

365 248 526 373 piscis,
566 249 643 368 qui
670 243 937 361 Sersstopoli
975 267 1020 331 et
1044 241 1343 346 Theodosiae,
1386 238 1636 355 praesertim
1664 260 1872 326 autumno
1895 239 2110 357 copisa

368 403 535 521 capitur
561 425 606 490 et
632 401 722 487 sale
748 420 821 484 aut
847 420 970 483 aceto
997 395 1220 501 conditus,
1256 416 1458 482 coctusre
1484 421 1631 481 recent
1658 382 1915 480 comeditur.
1967 396 2110 481 Art·

366 577 458 645 stoc
490 552 796 669 viridissimae,
820 519 900 636 sed
932 547 1187 637 obsoletiore
1215 549 1373 636 colore.

507 711 620 795 Not.
676 708 859 790 Maxilla
905 702 1095 820 superior
1141 700 1325 788 brevior.
1393 704 1635 789 Intestiuum
1680 696 1894 815 simplex,
1947 722 2110 789 tec-

367 885 506 950 tractu
546 865 600 946 ab
639 859 745 977 ipsis
787 855 978 941 faucibus
1020 853 1296 957 continuum,
1344 852 1507 972 chymo
1537 852 1638 939 albo
1669 851 1864 970 plenum.
1922 854 2110 970 Hep—

366 1015 662 1102 lanceolatum.
719 1015 819 1097 Lien
849 1006 1006 1112 exilis,
1048 1006 1202 1093 itidem
1241 1008 1514 1094 lanceolatus.
1569 1005 1730 1094 ovam
1758 1006 1847 1092 duo
1871 1002 2110 1101 linem

368 1169 423 1275 ad
454 1198 556 1283 quas
583 1195 716 1252 venas
745 1191 922 1276 magnae
951 1163 1145 1246 tendunt.
1175 1161 1323 1247 Vesica
1351 1167 1559 1247 natatorio
1584 1163 1662 1247 sub
1690 1157 1921 1245 vertebrali
1944 1156 2110 1277 spi:

364 1315 598 1436 triquetra,
626 1317 815 1404 linearis.
870 1317 1002 1402 Piscis
1029 1308 1233 1398 intestina
1260 1308 1391 1396 facile
1413 1311 1643 1426 putredine
1670 1311 1888 1400 fatiscunt.

793 1838 950 1948 XLII.
1020 1832 1636 1947 SALMONES.

509 2384 648 2474 Nullo
682 2382 865 2503 piscium
907 2413 963 2470 ex
1005 2411 1160 2497 genere
1190 2352 1368 2502 imperii
1395 2382 1564 2471 Rossici
1598 2410 1735 2499 aqnse
1772 2382 1906 2500 magis
1931 2386 2093 2472 abun·

368 2539 504 2645 dant,
530 2547 817 2653 majoremque
845 2536 1080 2653 specierum
1110 2536 1360 2626 varietatem
1385 2541 1618 2656 praebent,
1655 2568 1785 2655 quam
1810 2542 2077 2627 sauronam

366 2692 460 2781 imo
489 2722 636 2779 omnes
662 2690 782 2806 globi
809 2691 1002 2805 regiones
1029 2687 1182 2776 horum
1212 2691 1336 2809 copia
1364 2714 1409 2778 et
1435 2690 1683 2778 diversitate
1718 2691 1848 2779 facile
1874 2691 2065 2779 vincunt

367 2844 554 2931 Videtur
579 2844 697 2930 enim
729 2842 814 2931 hoc
851 2875 981 2960 genus
1021 2842 1206 2929 maribus
1240 2844 1545 2932 borealioribus
1580 2844 1832 2957 praesertim
1868 2875 1952 2957 esse
1979 2828 2053 2927 nd·

363 2995 562 3097 dictum,
604 3021 648 3084 et
680 3027 810 3112 quum
837 3004 1025 3084 Naturae
1058 2995 1154 3111 lege
1188 2997 1350 3113 species
1384 2999 1615 3115 pleraeque
1649 2995 1736 3083 sint
1770 2996 1975 3116 gregarius
1996 3003 2034 3073 θῑ

370 3148 503 3266 prolis
532 3150 755 3237 salvandae
794 3149 926 3266 gratia
965 3147 1184 3234 fluminum
1229 3180 1412 3237 recessus
1450 3170 1680 3268 quaerant,
1718 3151 1822 3239 inde
1861 3134 2030 3265 estquod

370 3301 492 3388 statis
518 3302 779 3420 temporibus
810 3301 996 3387 maxime
1025 3332 1079 3385 ex
1104 3304 1278 3388 Oceano
1307 3303 1467 3391 arctico
1493 3327 1537 3390 et
1565 3303 1780 3409 orientali,
1810 3334 1945 3422 neque
1967 3322 2027 3387 not

371 3452 643 3561 ebalthicO,
686 3454 792 3539 mari
833 3456 956 3561 albo,
999 3454 1106 3538 mari
1142 3455 1285 3572 caspio
1325 3479 1368 3541 et
1394 3465 1509 3544 Lacu
1535 3456 1773 3543 Baicalensi
1806 3458 1855 3545 in
1892 3455 2032 3546 flamna

370 3607 564 3725 quolibet
592 3607 745 3694 horum
774 3607 953 3693 marium
981 3608 1214 3714 destinata,
1244 3613 1313 3695 rel
1341 3609 1571 3715 turmatim,
1601 3612 1672 3696 rel
1700 3612 1845 3728 parvis
1873 3612 2037 3729 manipu-

372 3762 454 3868 lis,
483 3760 616 3876 magis
645 3759 836 3846 minusve
865 3761 948 3846 alte
977 3762 1252 3847 interranum
1281 3764 1482 3852 interiora
1511 3766 1802 3871 adscendunt,
1836 3766 1991 3885 partim
2012 3784 2047 3847 et

368 3910 418 4001 in
447 3913 566 4027 aquis
594 3911 789 3999 dulcibus
817 3938 1086 4019 remaneant,
1116 3939 1184 4020 et,
1215 3917 1362 4003 divina
1389 3916 1508 4035 quasi
1541 3916 1704 4034 gratia,
1746 3925 1911 4010 accolis
1939 3924 2054 4009 abun·

371 4068 545 4152 dantem
571 4066 715 4155 cibum
742 4065 831 4152 imo
858 4066 1099 4183 longinquis
1132 4067 1254 4154 terris
1290 4094 1574 4159 commeatum
1611 4071 1907 4191 suppeditent.
1964 4080 2059 4165 Sunt

368 4215 501 4334 igitur
528 4217 775 4337 praesertim
803 4222 1019 4307 Salmonea
1049 4224 1212 4328 Pisces,
1242 4228 1355 4340 quod
1384 4248 1562 4332 vocant,
1589 4226 1855 4336 Anodromi,
1885 4235 2062 4351 dequo

367 4398 461 4461 rum
489 4393 636 4461 natura
661 4377 870 4491 quaedam
897 4377 1132 4492 generatim
1160 4406 1433 4496 praemonere
1462 4406 1633 4469 necesse
1661 4400 1742 4466 est.
