4404 5902
266 368 358 465 580
1031 390 1178 440 ·-·-··--··

263 601 358 683 alba
387 620 431 682 et
456 580 584 712 longe
611 594 800 714 sapidior
835 625 960 711 quam
990 594 1031 677 S.
1062 594 1365 703 Lagoceplrali,
1411 616 1540 706 quem
1579 588 1716 676 forma
1753 590 1942 704 quodam

264 752 392 837 modo
422 751 666 837 aemulatur.
696 750 854 834 Oratio
880 745 1178 861 turgidissima.
1209 743 1303 828 Onu
1332 744 1445 832 mole
1473 742 1586 864 pisi,
1624 740 1768 830 rubini
1796 743 1948 829 colore.

405 906 599 991 Decor.
644 900 827 987 Maximi
853 900 1108 1015 tripedales‚
1138 899 1326 1012 pondere
1362 932 1408 982 ιο
1439 902 1494 983 ad
1529 935 1575 985 ss
1603 898 1833 997 librarum3
1860 895 1953 982 lati·

262 1059 370 1141 -tudo
409 1055 596 1140 maxima
636 1076 680 1167 7}
706 1055 924 1174 pollicum.
996 1054 1133 1164 Caput
1171 1042 1432 1164 oblongum,
1472 1082 1784 1171 compressum,
1823 1078 1960 1145 nstro

265 1206 535 1294 trochiformi
563 1211 739 1307 obtuso,
777 1206 952 1291 maxilla
989 1205 1202 1318 superiore
1230 1205 1365 1288 multo
1391 1202 1584 1320 longiore
1611 1207 1806 1310 adunca,
1848 1206 1959 1294 nudo

265 1359 393 1444 rictus
422 1359 572 1446 clausis
602 1359 858 1445 mandibulis
886 1359 1015 1442 etiam
1044 1355 1177 1441 hians.
1216 1355 1396 1441 Maxilla
1421 1379 1597 1472 utraque
1625 1380 1674 1444 ut
1700 1380 1749 1444 et
1775 1358 1962 1446 laminae

265 1535 501 1625 mystaceae
530 1513 730 1598 dentibus
757 1509 943 1595 incurvis
979 1531 1193 1612 armatae,
1231 1508 1279 1593 in
1319 1540 1433 1598 max.
1470 1509 1672 1597 inferiore
1713 1512 1962 1629 majoribus,

266 1693 407 1749 versus
436 1667 600 1750 frenum
628 1665 713 1750 on's
740 1660 894 1749 sensim
924 1660 1170 1746 minoribus.
1232 1666 1395 1776 Lingua
1423 1662 1619 1749 dentibus
1646 1694 1723 1749 sex
1751 1695 1835 1782 per
1864 1666 1965 1749 duas

266 1815 395 1900 series
421 1816 613 1931 digestis.
669 1821 800 1904 Irides
827 1817 1086 1900 lutescente-
1103 1837 1283 1900 auratae.
1342 1816 1530 1902 stabula
1557 1817 1886 1932 bronchiostegs
1919 1836 1964 1924 ιι,

264 1967 544 2054 lamellarum.
601 1972 761 2086 Corpus
789 1969 974 2084 squamis
1003 1967 1270 2080 majusculis,
1297 1966 1474 2053 firmiter
1497 1966 1588 2054 cuti
1614 1967 1965 2059 adhaerentibus

266 2122 393 2206 Color
420 2120 466 2205 in
496 2120 710 2211 maritimo
735 2125 851 2237 pisce
880 2121 925 2204 in
955 2123 1079 2206 dorso
1107 2122 1226 2207 lusco
1254 2118 1409 2220 virens,
1433 2118 1608 2237 punctis
1623 2120 1763 2237 nigris
1788 2152 1963 2240 sparsus

266 2269 313 2355 in
353 2270 557 2359 lateribus
596 2295 842 2387 argenteus,
887 2272 1161 2386 splendidus,
1200 2271 1340 2357 rentii
1379 2274 1511 2359 albus.
1582 2270 1634 2359 lu
1671 2264 1815 2365 llurio
1854 2275 1965 2364 circa

264 2422 466 2511 Octobris
499 2424 625 2510 initia
663 2425 823 2540 captis:
864 2426 1033 2509 dorsum
1066 2425 1244 2513 sordide.
1269 2424 1467 2541 spadices
1501 2426 1726 2553 ioecedine
1762 2429 1961 2531 tinctum,

261 2576 394 2661 latera
432 2577 635 2693 sanguine
674 2580 857 2685 suffusa,
916 2600 1064 2662 venter
1106 2575 1197 2662 sine
1226 2576 1363 2697 nitore
1406 2579 1538 2665 albtts.
1606 2584 1740 2669 Linea
1780 2588 1966 2671 manau

263 2715 389 2814 dorso
429 2730 632 2844 parallelo
644 2791 661 2829 ,
697 2730 947 2815 rectissima.
1018 2732 1173 2816 Pinnae
1215 2736 1442 2845 pectorales
1484 2748 1534 2837 ¹4
1560 2733 1781 2843 radiatae,
1826 2764 1964 2825 coeru-

264 2879 502 2976 lescentes3
529 2880 713 2969 dorsulss
738 2883 880 2967 fuscae
905 2882 1024 2998 prior
1054 2919 1095 2966 ιι
1131 2882 1364 2979 radiorum
1391 2892 1593 2973 mantes
1617 2890 1967 3005 coerulescaotes

266 3030 634 3129 decemmdiatae,·
661 3036 872 3150 appendis
900 3038 952 3121 ad
980 3032 1057 3120 has
1086 3034 1285 3149 insignis,
1314 3040 1454 3122 acuta'
1485 3038 1534 3121 P.
1562 3048 1635 3125 ani
1661 3040 1890 3129 radiorum
1909 3058 1967 3145 ¹4·

266 3181 436 3286 albida,
477 3184 621 3271 radius
646 3185 806 3302 primns
839 3217 865 3272 e
901 3186 1114 3303 quaternis
1142 3186 1413 3274 coadunatis:
1469 3191 1618 3277 casada
1644 3198 1963 3298 coerutescens,

265 3332 446 3419 lunatim
476 3336 643 3441 excisa,
687 3343 884 3445 robusta,
924 3339 1092 3425 laciniis
1119 3340 1263 3427 acutis.
1322 3346 1368 3425 P.
1398 3340 1512 3426 dorsi
1538 3342 1683 3460 prior,
1715 3349 1902 3466 adiposa
1926 3368 1966 3433 at

263 3489 423 3573 caudae
451 3487 605 3573 lacinia
634 3494 827 3605 superior
852 3493 1019 3608 punctis
1046 3492 1172 3577 varia.

405 3643 450 3734 β.
483 3643 768 3729 Uulrtscbttsclr
803 3669 867 3730 est
905 3646 1082 3732 varietas
1116 3645 1317 3732 annotina
1352 3648 1524 3755 minor,
1558 3681 1670 3766 qnae
1707 3653 1848 3742 simul
1876 3684 1966 3743 cum

266 3789 489 3907 descriptis
531 3786 755 3882 biennibns
795 3797 968 3884 flumina
1005 3800 1252 3898 adscendit,
1304 3804 1378 3887 sed
1417 3802 1497 3889 soli
1540 3836 1704 3906 mores,
1748 3812 1833 3925 qui
1874 3838 1966 3898 cum

266 3941 414 4029 bienni
442 3976 557 4030 mare
585 3949 769 4061 singulas
795 3951 1002 4036 foeminas
1032 3950 1309 4054 comitantur,
1339 3955 1413 4037 sed
1440 3957 1571 4040 lactes
1598 3988 1687 4043 non
1717 3964 1967 4063 effundunt,

267 4092 372 4180 licet
401 4096 601 4182 maxillae
630 4101 789 4214 pariter
815 4101 1098 4191 incurventur.
1132 4108 1200 4190 lli
1232 4108 1284 4190 ad
1314 4137 1428 4192 mare
1455 4113 1634 4195 redeunt
1663 4115 1968 4203 foemellarum

262 4244 310 4330 in
340 4270 589 4362 sequentem
616 4282 770 4338 annum
799 4257 941 4358 duces,
972 4258 1072 4341 dum
1102 4259 1289 4345 seniores
1315 4258 1360 4343 in
1388 4258 1528 4346 fluviis
1555 4294 1715 4351 venere
1748 4292 1798 4354 et
1824 4267 1967 4355 inedia

262 4422 456 4511 pereunt.
500 4403 787 4493 Ualtschitsclr
813 4408 859 4494 in
888 4437 1041 4522 genere
1069 4410 1144 4495 rix
1172 4412 1456 4527 sesquipedali
1484 4423 1644 4529 major,
1675 4441 1723 4504 at
1754 4420 1806 4509 in
1835 4418 1969 4509 llumi·

261 4547 387 4637 nibus
411 4551 573 4639 ioaecta
600 4559 791 4672 aquatica
822 4563 1117 4678 depopulatur.
1171 4566 1352 4650 Masulis
1378 4565 1534 4681 passim
1560 4569 1725 4657 lunatis
1756 4599 1942 4661 notam

401 4706 541 4793 Addit
594 4712 931 4800 observationem
984 4718 1296 4821 Stellarum.-
1348 4718 1568 4804 Salmonea
1609 4724 1967 4816 Camtschaticos

256 4841 450 4971 pingues,
478 4888 609 4978 quum
637 4892 662 4951 e
690 4863 798 4954 mari
825 4868 1078 4982 adveniunt,
1106 4868 1144 4957 si
1170 4868 1341 4959 elisatis
1368 4898 1473 4986 aqua
1499 4872 1680 4990 frigida,
1709 4884 1966 4999 praesertin
