4404 5902
1043 306 1193 359 a
1872 290 1963 393 407

270 511 395 591 Inam
422 527 466 592 et
494 505 673 618 Cargam
702 500 887 604 visitant3
918 533 995 620 per
1017 506 1237 620 Selengam
1265 526 1418 622 petunt
1437 503 1729 621 Tschikojnm,
1754 508 1962 598 Dshidam

269 679 321 743 et
347 656 618 760 Orchonem,
661 659 734 740 sed
763 654 949 755 Chilok,
992 659 1130 740 Udam
1181 681 1225 742 et
1254 666 1395 746 Itanzr
1433 665 1475 746 ll.
1512 685 1595 745 non
1626 665 1794 748 adeunt.
1851 669 1961 750 Tota

266 818 357 927 jam
388 832 542 896 aestate
573 811 626 893 ad
652 808 771 894 littus
799 807 1076 891 meridionale
1104 839 1320 896 arenosum
1343 813 1520 899 Ba‘icalis
1541 813 1701 898 retibus
1726 815 1957 928 capiuntur;

265 963 383 1050 circa
413 960 601 1047 medium
629 991 729 1044 vero
756 959 935 1072 Augusti
964 959 1216 1072 quibusdam
1243 963 1362 1047 annis
1399 970 1483 1076 jam
1524 967 1667 1051 medio
1697 965 1824 1068 Julii,
1864 997 1958 1079 pro·

265 1118 365 1232 prie
389 1112 544 1230 incipit
570 1110 768 1225 migratio
795 1141 871 1222 per
897 1111 1068 1196 flumina
1083 1171 1099 1208 ,
1137 1110 1198 1193 ita
1232 1134 1279 1194 ut
1314 1082 1427 1199 circa
1461 1120 1589 1201 finem
1617 1116 1878 1229 Septembris
1904 1124 1957 1205 ad

266 1271 392 1355 Udae
427 1265 608 1367 ostium,
645 1293 771 1377 quarn
812 1293 896 1346 non
940 1265 1122 1360 adeunt,
1160 1261 1289 1347 initio
1316 1268 1517 1353 Octobris
1550 1300 1682 1383 usque
1725 1272 1779 1354 ad
1807 1274 1957 1355 urbem

267 1418 522 1532 Selenginsk
551 1413 811 1531 perveniant.
848 1421 898 1498 ln
923 1413 1197 1523 Tschivirkui
1229 1416 1391 1501 tardius
1416 1422 1679 1506 adscendunt
1705 1444 1747 1506 et
1778 1430 1956 1534 majores
2047 1427 2051 1437 ’

265 1568 460 1684 reliquis.
517 1577 629 1654 Toto
672 1598 773 1653 vero
813 1589 1012 1652 autumno
1053 1595 1185 1679 usque
1225 1572 1277 1652 ad
1315 1570 1699 1682 conglaciationem
1734 1573 1955 1658 fluviorum

263 1724 399 1808 tantis
427 1719 688 1836 myriadibus
724 1718 978 1831 capiuntur,
1018 1743 1064 1802 ut
1104 1719 1377 1835 praecipuum
1418 1754 1497 1837 pro
1529 1725 1698 1875 jejurg'is
1729 1732 1954 1809 Rossorum

212 1858 215 1871 ’
261 1873 314 1962 in
340 1873 760 1958 transba'r'calensibus
794 1868 1038 1983 regionibus
1071 1869 1214 1955 cibum
1253 1875 1510 1981 praebeant,
1552 1874 1660 1959 adeo
1699 1875 1776 1960 vili
1814 1875 1955 1984 pretio

264 2025 473 2126 emendi,
515 2046 563 2107 ut
603 2022 770 2108 incolae
809 2022 855 2107 in
886 2022 1045 2135 magnis
1075 2020 1202 2107 doliis
1229 2024 1373 2108 salitos
1409 2049 1508 2109 ante
1547 2051 1714 2143 portas,
1753 2049 1953 2140 tanquam

259 2180 483 2298 publicum
511 2142 697 2262 Naturae
726 2178 897 2277 donum,
927 2204 1135 2258 asservare
1163 2176 1341 2259 soleant.
1371 2181 1512 2288 Quum
1542 2179 1695 2293 frigora
1724 2202 1767 2262 et
1796 2176 1953 2292 glacies

256 2329 490 2443 ingruunt,
530 2351 644 2413 retro
678 2357 818 2412 versus
853 2329 992 2412 lacum
1029 2327 1362 2442 proficiscuntur.
1418 2334 1609 2416 Recenre
1638 2330 1752 2414 saliti
1779 2351 1875 2412 sunt
1902 2329 1951 2415 in

258 2480 364 2567 cibo
391 2482 526 2594 grati,
553 2480 780 2597 praecipue
809 2480 957 2578 assati;
995 2481 1068 2563 sed
1097 2508 1193 2561 cum
1223 2478 1349 2563 facile
1380 2503 1647 2590 putrescant,
1676 2482 1762 2566 sale
1791 2479 1949 2567 diutius

259 2634 420 2718 servati
461 2633 596 2716 minus
636 2631 881 2716 laudabiles.
942 2633 1025 2715 Sed
1065 2628 1301 2727 tardiores,
1345 2656 1392 2717 ut
1428 2666 1466 2717 v.
1507 2662 1568 2746 gr.
1609 2631 1948 2734 eTschivirkui,

257 2785 476 2896 congelati
503 2806 676 2899 possunt
706 2782 920 2869 asservari.
980 2784 1102 2868 Rossi
1141 2783 1187 2867 in
1218 2783 1372 2868 Sibiria
1413 2783 1735 2898 proverbialiter
1775 2787 1950 2873 dicunt:

256 2964 360 3020 eum
389 2937 463 3048 qui
489 2938 633 3023 oculos
661 2936 786 3049 hujus
810 2933 940 3050 piscis
968 2936 1267 3049 degustaverit,
1292 2937 1338 3019 in
1354 2936 1544 3020 Rossiam
1565 2968 1651 3022 non
1676 2963 1948 3022 reversurum.

253 3087 359 3173 ova
386 3088 572 3172 recentia
598 3118 736 3201 pauco
761 3088 846 3170 sale
875 3087 1046 3170 condita
1075 3117 1152 3209 pro
1179 3087 1370 3199 cupediis
1399 3115 1485 3171 non
1514 3087 1835 3172 contemnendis
1864 3115 1945 3171 ser·

255 3239 401 3325 siunt.
456 3239 667 3323 Piscatura'
699 3242 820 3348 hujus
848 3236 1055 3320 Salmonis
1083 3259 1282 3322 autumno
1310 3236 1549 3321 innumeras
1577 3259 1759 3347 occupat
1787 3267 1944 3338 manus,

248 3368 395 3477 'etiam
413 3419 449 3474 e
477 3391 635 3475 dissitis
662 3389 904 3502 regionibus
923 3389 1100 3473 Sibiriae
1130 3384 1408 3487 advenarum
1435 3416 1604 3501 unoque
1631 3388 1731 3472 retis
1762 3389 1950 3502 (aliquot

226 3563 463 3645 ,centenas
498 3573 647 3658 orgyas
685 3524 812 3652 longi
847 3563 891 3622 et
930 3541 1176 3629 rudentibus
1211 3539 1610 3656 quadringentarum
1646 3569 1869 3657 orgyarum
1896 3537 1944 3625 in

254 3720 375 3779 mare
402 3693 641 3807 demissis),
681 3702 793 3807 jactu
831 3723 917 3778 non
954 3725 1092 3778 rarum
1128 3717 1193 3779 est
1235 3698 1287 3781 ad
1319 3729 1340 3776 2
1373 3694 1441 3778 vel
1467 3692 1550 3778 tria
1593 3693 1731 3779 millia
1762 3692 1944 3805 piscium

255 3874 434 3960 capere,
466 3868 508 3929 et
536 3876 659 3961 saepe
688 3869 850 3961 septem
879 3874 1027 3957 magna
1056 3847 1170 3932 dolia
1197 3847 1393 3962 implere.
1450 3845 1617 3931 Indices
1646 3867 1785 3930 autem
1813 3841 1943 3955 agmi-

255 4024 362 4080 num
390 3994 514 4108 hujus
538 3997 665 4112 piscis
694 4022 788 4082 sunt
817 3999 1011 4084 Pelecani
1041 4023 1083 4083 et
1113 3999 1222 4100 lari,
1253 3996 1327 4112 qui
1356 4027 1410 4080 ex
1433 3996 1551 4082 omni
1579 4004 1693 4083 Lacu
1721 3995 1943 4093 convolan-

252 4166 322 4232 tes
349 4174 401 4231 ea
428 4178 578 4262 magna
604 4151 726 4266 copia
755 4173 798 4235 et
827 4155 1010 4235 tumultu
1038 4174 1352 4266 prosequuntur,
1384 4173 1426 4232 et
1451 4148 1667 4264 principes
1693 4143 1941 4236 onocrotali

250 4297 330 4412 qni
358 4322 549 4385 natantes
574 4301 620 4385 in
647 4302 866 4418 superficie
892 4302 1124 4415 ingluviem
1153 4327 1197 4386 et
1224 4331 1364 4385 saccos
1397 4302 1519 4412 gulae
1548 4299 1636 4384 leri
1663 4304 1792 4414 opera
1818 4296 1942 4410 pisci·

249 4448 332 4539 bus
359 4453 538 4567 replent.
567 4451 791 4539 Debilitati
819 4457 990 4538 tandem
1018 4455 1153 4568 pisces
1183 4483 1206 4534 e
1235 4450 1374 4535 fluviis
1400 4451 1527 4534 undis
1557 4451 1801 4534 deferuntur
1829 4471 1941 4535 retro

249 4600 307 4687 sd
351 4603 465 4686 lacus
504 4604 714 4691 emaciari.
783 4612 903 4690 Tunc
943 4604 1041 4690 illos
1068 4602 1255 4717 Tungusi
1298 4600 1538 4716 interseptis
1577 4601 1680 4686 rivis
1721 4604 1774 4685 ad
1815 4602 1939 4686 ulnae

245 4780 377 4870 nepe
405 4755 674 4847 altitudinem
700 4768 970 4850 coacervatos
994 4788 1071 4875 pro
1099 4757 1198 4845 cibo
1226 4753 1311 4842 sibi
1338 4755 1424 4840 levi
1451 4780 1581 4869 opera
1606 4751 1829 4868 colligunt.
