4404 5902
270 405 358 495 ηε
417 350 423 367 ’
1037 382 1185 463 esi

266 604 393 698 lineis
418 601 604 727 obliquis
631 604 758 693 luscis
804 601 895 715 (uti
925 624 970 691 et
990 605 1125 720 pinna
1151 602 1250 719 ani)
1287 604 1507 691 undulata.
1559 606 1609 693 P.
1641 617 1712 698 uni
1739 615 1959 729 prolixior,

265 793 292 851 s
330 762 463 881 spinis
493 777 532 851 3.
578 756 841 847 brevioribus
882 778 927 839 et
965 753 1093 840 radiis
1121 790 1160 863 9.
1202 753 1477 841 dichotomis.
1553 761 1704 848 causa
1748 768 1959 881 aequalis,

266 916 357 1001 rad.
393 949 455 1004 rs.
485 910 850 1016 dichotomorun
891 905 1144 997 membranis
1174 902 1388 1026 hyalinis,
1420 905 1534 1001 inter
1558 911 1698 1003 radios
1724 938 1953 1008 transverse

266 1087 434 1157 stuatrs.

346 1456 350 1469 ,
394 1385 509 1480 192.
544 1357 870 1456 LABRUS
905 1355 1304 1482 prorostlclss.
1343 1357 1474 1449 TAB.
1511 1358 1633 1452 LXI.
1663 1356 1749 1479 fig.
1783 1394 1832 1457 1.

403 1671 454 1752 L.
482 1694 656 1782 corpore
683 1667 882 1780 elongato
911 1661 1102 1750 olivsceo
1114 1719 1128 1760 ,
1155 1662 1298 1746 subtus
1325 1687 1506 1777 cupreo·
1520 1684 1757 1778 argentato,
1785 1660 1947 1781 punctis

266 1813 425 1901 crebris
451 1815 635 1923 seriatis,
664 1815 851 1934 cyaneis.

401 1972 474 2055 Ad
501 1968 628 2056 Ponti
652 1968 822 2070 littora,
857 1966 970 2054 circa
998 1964 1310 2054 Chersonesum
1335 1961 1581 2080 praesertim
1610 1961 1947 2074 heracleoticam,

108 2175 114 2186 -
226 2206 230 2216 ,
264 2121 383 2231 Majo
411 2148 554 2205 meuse
581 2121 770 2235 capitur,
799 2152 886 2206 non
915 2121 1132 2234 frequens,
1159 2113 1467 2234 pulcherrimus
1494 2140 1537 2203 et
1559 2115 1871 2233 sapidissimus.

403 2272 574 2355 Descr.
631 2274 784 2356 Formo
818 2271 1046 2384 oblongata
1074 2291 1121 2354 et
1147 2265 1285 2382 capite
1312 2265 1582 2392 productiore
1610 2298 1634 2351 a
1660 2271 1946 2385 praecedenti·

263 2423 343 2506 bus
372 2416 568 2506 omnibus
597 2420 764 2520 differt,
817 2417 1132 2507 characteribus
1166 2415 1372 2535 congruit.
1436 2421 1497 2504 Os
1524 2420 1803 2534 majusculum
1829 2422 1943 2511 labiis

263 2569 433 2673 crassis3
492 2575 916 2672 maurataneae,
971 2571 1266 2687 subaequales,
1321 2578 1505 2685 superior
1527 2569 1728 2657 dentibus
1756 2571 1806 2657 in
1832 2572 1944 2690 spice

262 2745 447 2836 quatuor,
468 2721 729 2835 majusculis,
756 2723 934 2827 obtusis,
970 2720 1263 2836 inaequalibus
1291 2742 1336 2807 et
1362 2712 1560 2837 utrinque
1586 2720 1861 2825 brevissimo,
1891 2720 1945 2811 in·

261 2873 395 2959 ferior
421 2871 612 2988 pluribus
638 2873 941 2990 inaequalibus.
998 2880 1164 2992 Lingua
1197 2872 1344 2959 laevis.
1402 2873 1532 2958 Irides
1564 2901 1943 2992 cyaneo-cupreae.

630 3068 635 3095 ε
674 3024 952 3140 ·Tqusruosa;
966 3029 1147 3138 flabello
1167 3027 1290 3130 nuda,
1318 3025 1405 3109 lsta
1422 3024 1538 3141 pelle
1559 3024 1717 3123 laxata,
1744 3025 1941 3143 quinque·

343 3175 352 3195 ’
482 3240 509 3307 '..
522 3193 586 3286 ,ej
645 3196 702 3326 &2
724 3166 933 3316 {porporis
965 3178 1215 3267 mediocres.
1287 3178 1438 3263 Sutura
1475 3173 1663 3263 lateralis
1698 3178 1828 3264 dorso
1861 3205 1942 3293 pro

615 3333 682 3426 «ἵ,
703 3331 775 3413 ad
813 3327 935 3415 basin
972 3333 1129 3417 caudae
1164 3327 1345 3413 infracta
1376 3349 1421 3412 et
1454 3356 1532 3442 per
1558 3326 1746 3411 mediam
1776 3330 1940 3414 caudam

257 3490 471 3590 pergens&
492 3464 647 3596 {Caput
673 3499 718 3563 et
744 3510 892 3590 corpus
917 3502 1054 3565 totum
1083 3479 1335 3576 olivaceum,
1366 3475 1429 3586 (in
1457 3476 1682 3592 spirituoso
1711 3477 1877 3592 liquore
1901 3500 1939 3561 at

259 3602 470 3710 coctiobe¹
489 3628 721 3740 subrufum)
756 3661 782 3713 a
816 3629 1017 3716 lateribus
1052 3629 1206 3715 sensim
1244 3648 1640 3744 cupreo-auratum,
1677 3630 1850 3744 punctis
1874 3660 1938 3713 ssu

254 3783 391 3888 guttis
427 3780 604 3883 crebris,
661 3808 737 3892 per
770 3779 904 3865 series
940 3779 1132 3895 digestis.
1191 3781 1245 3866 ad
1280 3802 1472 3865 ventrem
1508 3777 1663 3865 sensim
1704 3781 1936 3893 mrJoribus,

260 3956 447 4040 cyaneo·
461 3927 695 4015 virentibus
723 3960 796 4015 seu
824 3928 1093 4045 aeruginosis.
1151 3929 1489 4034 Gulualbescit,
1515 3926 1657 4043 strigis
1678 3964 1716 4014 α.
1745 3930 1933 4047 obliquis,

256 4078 586 4165 fulvescentibus
625 4080 680 4165 ad
700 4049 940 4197 'utrumque
979 4084 1238 4199 operculum.
1303 4084 1460 4169 Pinnae
1484 4086 1715 4198 pectorales
1749 4079 1934 4199 hyalino·

258 4229 398 4334 rufae,
435 4245 481 4316 15
507 4229 726 4328 radiatse3
752 4240 953 4318 ventroles
975 4265 1152 4348 parvae,
1183 4236 1300 4321 fulvo
1328 4260 1576 4349 cyaneoque
1601 4230 1769 4332 surius,
1798 4234 1880 4318 rud.
1897 4244 1931 4317 6.

257 4408 436 4493 quorum
463 4378 622 4496 primus
648 4381 850 4500 simplex,
881 4388 956 4471 sed
982 4387 1058 4473 vix
1085 4385 1287 4502 spinosus.
1344 4386 1392 4469 P.
1421 4386 1534 4469 dorsi
1560 4383 1777 4488 continuo,
1806 4380 1931 4469 humi·

258 4530 332 4634 lis,
360 4541 540 4617 anemius
567 4531 695 4618 radiis
731 4570 791 4641 ¹9·
821 4535 1003 4620 debilius
1030 4536 1381 4655 spiuescentibus,
1412 4533 1544 4650 ligula
1572 4557 1747 4621 cutacea
1775 4539 1827 4620 sd
1854 4532 1930 4649 spi·

258 4710 353 4767 cern
379 4683 659 4797 singulorum,
696 4686 862 4799 ,postico
898 4687 1026 4775 radiis
1057 4725 1121 4777 rn.
1156 4686 1434 4790 dichotomis,
1469 4685 1803 4802 prolixioribus.
1850 4708 1932 4772 tota

258 4834 513 4945 lulvescens,
551 4863 715 4967 cyaneo
742 4861 925 4953 gustata,
967 4840 1031 4927 uti
1057 4863 1101 4927 et
1118 4873 1168 4960 p.
1197 4842 1268 4927 ani
1295 4865 1339 4926 et
1365 4840 1538 4927 caudae.
1596 4843 1714 4925 Haec
1742 4838 1932 4957 aequalis,
