4404 5902
478 963 1479 1128 MONOCARDIA·

926 1368 1030 1440 SEU

258 1675 713 1792 ANIMALIA
777 1674 1127 1785 FRIGIDI
1190 1681 1699 1798 SANGUINIS.

781 2009 1196 2057 *⁸*-

124 2238 442 2388 Diss'erentias
482 2279 693 2389 classicas,
746 2287 887 2399 quoad
927 2286 1137 2391 membra,
1189 2317 1366 2403 organa,
1405 2285 1699 2396 oeconomiam
1739 2287 1830 2376 oni·

122 2447 316 2546 malem,
356 2433 698 2555 generationem,
740 2461 958 2552 totamque
993 2438 1366 2554 compositionem,
1408 2439 1521 2527 inter
1548 2443 1830 2560 Quadrupedu

116 2623 176 2686 et
207 2600 339 2698 Aves,
382 2592 575 2703 interque
613 2594 774 2677 Iusecto
814 2612 858 2674 et
893 2593 1091 2704 Myxoda
1126 2591 1411 2677 consideranti
1439 2593 1571 2697 mihi,
1611 2625 1828 2711 nunquam
1884 2702 1904 2721 ·

122 2751 453 2866 Amphibiorum
493 2741 555 2828 sic
596 2741 824 2846 dictorum,
874 2772 1057 2858 genera,
1109 2766 1155 2828 ct
1193 2743 1285 2860 ipsa
1327 2747 1554 2831 admodum
1592 2778 1746 2862 pauca,
1803 2780 1828 2834 a

125 2910 317 2994 Piscium
353 2896 600 3015 praesertim
636 2895 1003 3010 cartilagineorum
1037 2895 1145 2981 serie
1169 2897 1273 2982 satis
1302 2896 1503 2984 distincta
1531 2923 1825 3016 apparuerunt,

121 3082 180 3145 ut
208 3052 446 3172 propriam,
489 3055 720 3152 aNatura,
761 3049 1122 3164 circumscriptam
1150 3050 1336 3136 Classem
1365 3050 1620 3137 constituere
1648 3074 1821 3168 possent

127 3219 210 3325 (¹³).
270 3205 409 3292 Sensit
448 3202 552 3306 hoc,
596 3200 759 3287 ultimis
801 3198 931 3304 curis,
974 3199 1104 3284 etiam
1139 3201 1336 3318 princeps
1365 3200 1704 3290 methodicorum
1733 3209 1827 3289 Lin-

120 3395 261 3453 naeus
287 3384 331 3446 et
360 3357 542 3446 Piscium
571 3353 939 3469 cartilagineorum
965 3382 1137 3470 genera,
1182 3352 1314 3468 magis
1343 3352 1591 3470 Amphibiis
1619 3353 1704 3440 suis
1734 3388 1828 3442 ana·

127 3519 251 3630 loga,
281 3511 435 3599 horum
464 3509 592 3621 classi
622 3506 798 3620 adjecis‚
841 3539 865 3591 a
893 3505 1081 3592 Piscibus
1111 3506 1290 3592 aristatis
1319 3528 1504 3613 remota3
1539 3505 1673 3590 immo
1702 3509 1825 3606 forte,

122 3670 170 3756 -si
196 3667 401 3765 vixisset,
455 3663 683 3778 aliquando
712 3683 846 3745 totam
872 3658 1208 3773 Amphibiorum
1237 3662 1412 3746 classem
1441 3657 1735 3778 expunxisset,
1781 3683 1826 3745 et

124 3821 379 3936 adjecisset,
407 3825 615 3919 Naturae,
656 3837 705 3899 ut
731 3811 842 3897 mihi
870 3811 1057 3913 videtur,
1090 3845 1314 3918 consensu,
1345 3812 1554 3918 Piscibus,
1584 3843 1687 3928 quos
1716 3811 1826 3897 nulli

118 3973 226 4063 veri
252 3972 412 4058 limites
443 3972 495 4055 ab
522 3969 759 4085 Ampbibiis
787 3968 976 4053 nantibus
1004 3966 1075 4050 Illi
1105 3966 1231 4051 dictis
1259 3989 1494 4082 segregant,
1544 3971 1681 4078 Quam
1710 3961 1827 4049 enim

124 4157 290 4248 pronus
319 4148 384 4212 est
409 4122 637 4210 transitus?
678 4124 731 4207 ab
760 4120 981 4237 Anguibus
1010 4117 1259 4234 quibusdam
1289 4121 1343 4204 ad
1372 4124 1612 4219 Muraenae,
1643 4148 1666 4200 a
1693 4113 1825 4230 raspi-

128 4279 303 4368 ratoriis
344 4275 508 4391 organis
550 4283 700 4390 Rajae,
758 4277 903 4392 Squali
945 4296 990 4359 et
1029 4271 1302 4373 Chimaerae,
1361 4274 1414 4356 ad
1440 4265 1664 4355 branchias
1692 4269 1823 4351 nudas

127 4432 319 4538 Sirenis,
374 4430 630 4548 Gyrinorum
659 4453 704 4517 et
729 4433 991 4548 quarundam
1017 4429 1227 4512 larvarum
1262 4422 1595 4524 Lacertinarum,
1654 4421 1705 4504 ab
1732 4417 1825 4503 ovis

136 4650 459 4673 m

185 4778 242 4872 (⁶)
275 4783 329 4848 De
355 4801 400 4848 eo
425 4785 498 4872 jam
522 4777 698 4870 quaedum
725 4782 762 4847 in
786 4777 1024 4871 spicttegicrum
1048 4770 1249 4863 Zoologiccr.
1274 4773 1409 4840 Fascio.
1433 4772 1526 4841 Vm.
1552 4788 1587 4856 p.
1612 4765 1676 4839 36.
1699 4771 1741 4838 et
1765 4765 1827 4863 37.

271 4901 370 4972 dicta
396 4909 492 4972 sunt

1367 5038 1388 5080 0
