4404 5902
843 240 1025 311 ¹e·=·.===
1701 235 1801 324 ,205

99 444 328 534 Maeotide
356 467 400 530 et
427 440 533 526 mari
561 437 706 554 caspio
735 435 971 553 gregarium
1021 459 1240 523 automno*
1262 465 1355 525 sero
1399 436 1616 526 immensis
1654 438 1810 528 turmis

101 599 220 684 circa
248 597 394 682 littora
421 591 627 678 Tauricae
655 588 898 675 chersonesi
925 588 1141 673 examinat
1168 620 1298 704 usque
1329 595 1383 676 ad
1410 591 1535 676 initia
1564 593 1692 698 veris,
1737 623 1802 679 ae·

103 749 228 834 stivis
257 746 469 833 mensibus
500 777 523 828 a
552 750 670 858 Majo
708 745 762 826 ad
795 745 1031 855 Augustum
1074 740 1379 826 innumerabili
1416 743 1541 859 copia
1567 751 1729 828 Tanain
1758 765 1804 830 et

103 900 356 1019 praesertim
387 899 581 1012 Volgam,
611 893 815 1010 usquein
847 896 1021 981 Carnam
1049 915 1094 977 et
1119 896 1278 979 Occam
1306 897 1348 979 fl.
1379 897 1601 986 adscendit
1629 899 1801 992 anadro-

101 1085 228 1155 mus,
267 1073 314 1136 ut
342 1052 449 1134 retia
478 1044 602 1164 saepe
628 1050 826 1164 impleat,
870 1047 958 1131 imo
998 1045 1044 1130 in
1087 1043 1198 1161 ripas
1240 1078 1390 1161 magna
1429 1048 1553 1165 copia
1593 1071 1798 1164 egeratur.

92 1213 239 1295 ,Extra
268 1235 418 1318 aquam
448 1202 590 1289 statim
624 1201 901 1286 exanimatur.
975 1205 1024 1282 ln
1061 1203 1101 1283 ll.
1138 1205 1299 1283 Ja'r'cum
1337 1223 1381 1283 et
1407 1205 1549 1286 Terelr
1576 1233 1661 1286 non
1688 1202 1798 1286 solet

99 1337 275 1446 intrare.
332 1360 374 1439 A
405 1353 549 1438 Russis
580 1353 882 1464 Volgensibus,
926 1350 1077 1466 quibus
1114 1349 1291 1434 aliorum
1330 1351 1513 1468 piscium
1555 1382 1706 1466 magna
1734 1375 1798 1437 est

98 1508 259 1624 copia,
286 1538 370 1593 non
399 1508 528 1591 modo
557 1503 808 1616 negligitur,
837 1505 911 1587 sed
940 1533 1016 1618 pro
1043 1503 1211 1618 impuro
1239 1502 1445 1607 habetur,
1476 1504 1540 1590 ita
1567 1527 1615 1590 ut
1642 1508 1697 1592 ob
1726 1535 1798 1590 no·

98 1691 207 1752 men
235 1660 523 1758 vernaculum,
556 1687 579 1738 a
608 1656 793 1741 tumultu
818 1655 1052 1740 natantium
1081 1654 1221 1770 primo
1243 1655 1444 1758 inditum,
1477 1660 1624 1771 vulgus
1654 1660 1798 1742 credat

94 1813 275 1903 insanos
318 1813 369 1895 ab
411 1840 482 1894 esu
522 1805 676 1893 horum
716 1806 899 1923 piscium
937 1807 1060 1891 reddi
1103 1805 1310 1892 homines.
1380 1810 1464 1891 Sed
1510 1807 1725 1894 aTataris
1754 1829 1801 1892 et

93 1960 420 2054 Tschuvaschis
449 1960 539 2046 sine
577 1990 689 2046 noxa
732 1959 852 2046 crudi
888 1982 933 2043 et
972 1955 1087 2043 saliti
1128 1961 1429 2065 comeduntur,
1472 1986 1516 2048 et
1543 1964 1590 2049 in
1616 1960 1797 2049 Taurica

92 2113 542 2217 Chersones0,·etiam
574 2087 910 2210 delicatioribus,
939 2134 1131 2196 recentes
1160 2113 1229 2195 vel
1255 2110 1301 2194 in
1328 2115 1589 2202 salsamentis
1608 2137 1654 2201 et
1670 2113 1797 2200 assati
1866 2217 1873 2234 Ι

88 2267 313 2370 arrident,
352 2265 485 2350 immo
514 2274 732 2352 Moscuam
761 2263 879 2349 missi
907 2263 1021 2347 saliti
1050 2250 1311 2349 amatoribus
1340 2267 1599 2379 placuerunt.
1671 2268 1797 2355 Circa

28 2396 35 2407 ⁵
87 2417 327 2521 Tauricam
355 2417 600 2533 praesertim
629 2417 675 2501 in
704 2417 798 2501 sinu
825 2414 1127 2501 Theodosiana
1154 2413 1315 2530 hyeme
1347 2419 1594 2535 capiuntur;
1636 2444 1795 2507 aestate

86 2570 252 2668 rarius,
280 2571 447 2655 adultae
475 2569 634 2687 pariter
661 2592 705 2653 et
732 2568 939 2654 dimidiae
966 2567 1281 2681 magnitudinis.
1324 2578 1359 2655 F.
1388 2573 1546 2658 Paluda
1575 2575 1795 2661 Maeotide

85 2755 179 2846 per
209 2743 431 2836 angustum
457 2724 609 2807 Fretum
635 2720 847 2807 Jenitschi
875 2721 946 2805 vel
972 2720 1162 2824 Tonkoi,
1198 2753 1324 2838 saepe
1353 2725 1552 2840 procellis
1577 2725 1625 2811 in
1655 2726 1797 2812 sinum

87 2875 324 2998 putridum
353 2876 563 2984 (Sinarch)
592 2874 828 2989 pelluntur,
858 2872 932 2958 ubi
960 2873 1101 2958 statim
1131 2875 1347 2962 turmatim
1374 2899 1567 2992 pereunt.
1607 2884 1663 2964 In.
1686 2879 1792 2965 mari

82 3026 265 3145 Caspio
290 3025 398 3110 laxis
425 3056 503 3140 pro
541 3025 703 3142 mag-nis
745 3025 932 3140 piscibus
971 3025 1192 3110 destinatis
1233 3026 1401 3114 retibus
1432 3059 1522 3113 non·
1543 3027 1794 3118 inhaerent.

81 3191 206 3272 leon
235 3178 282 3262 in
306 3177 510 3293 Zoologia
534 3177 772 3264 britannica
798 3176 1012 3292 proposita
1040 3199 1188 3262 nostro
1210 3177 1320 3294 pisci
1348 3177 1465 3265 baud
1493 3180 1673 3266 omnino
1693 3212 1791 3267 eon·

80 3334 242 3433 venit,
274 3331 521 3448 praesertim
547 3354 726 3446 propter
745 3361 1010 3447 squamarum
1037 3328 1397 3443 magnitudinem
1440 3333 1515 3417 v-ix
1543 3356 1690 3420 tamen
1714 3339 1789 3419 du-

76 3488 192 3582 bito
225 3483 337 3570 hu'nc
365 3505 553 3569 nostrum
581 3486 761 3569 eundern
791 3514 881 3568 esse
909 3483 1212 3568 Piltsclrorrlum
1237 3484 1486 3596 Anglorron.

240 3641 416 3722 Descr.
444 3638 679 3749 Longitudo
707 3636 833 3748 vulgo
860 3632 1175 3750 oetopollicaris
1203 3633 1249 3719 in
1271 3635 1481 3736 Ponticiss
1507 3638 1790 3754 Volgensibus

70 3801 142 3892 ad
185 3806 236 3878 13
266 3789 463 3905 pollices,
494 3788 622 3901 vulgo
651 3789 827 3903 pedalis.
890 3786 1109 3873 Ponticum
1138 3786 1322 3901 primum
1351 3788 1608 3895 describam,
1629 3791 1788 3876 deinde

72 3952 265 4060 aliquas
308 3939 465 4055 caspici
505 3939 770 4024 differentias
810 3939 1081 4026 indicaturus.
1125 3990 1177 4005 -
1233 3943 1370 4056 Caput
1410 3939 1786 4056 cathetoplateum,

69 4098 265 4194 vertice
293 4093 446 4208 plano,
481 4089 851 4207 longitudinaliter
877 4091 1057 4194 fossula,
1089 4115 1325 4178 anuorsum
1349 4093 1482 4179 effusa
1507 4116 1628 4210 parte
1655 4096 1788 4182 fossae

67 4279 245 4347 versus
267 4267 444 4331 rostrum
470 4244 747 4360 biporcatum,
779 4241 918 4358 porcis
940 4266 1173 4330 antrorsuru
1196 4247 1563 4360 consurgentibus.
1604 4252 1789 4336 Musula

67 4411 267 4524 weriot
295 4397 527 4484 lateraliter
560 4398 709 4512 plana,
756 4395 888 4510 paulo
914 4394 1110 4509 longior,
1148 4396 1327 4499 obtusa,
1363 4401 1509 4484 subtus
1545 4399 1788 4487 tricarinata

72 4565 211 4676 (fig.
245 4552 322 4659 A.)
349 4561 531 4665 superior
557 4549 783 4645 subbifida,
810 4568 999 4661 atraque,
1030 4551 1096 4656 (ut
1124 4567 1169 4628 et
1195 4554 1357 4631 lamina
1378 4537 1596 4675 mysticae
1620 4553 1784 4640 lanceo-

71 4716 200 4824 ιω)
234 4700 467 4790 denticulis
498 4699 815 4818 inaequalibus,
867 4698 1071 4807 aduncis,
1123 4697 1339 4804 minimis,
1386 4699 1581 4817 margin
1613 4731 1784 4816 armata,
