4404 5902
1004 237 1187 322 ’.ε-ψ
1868 234 1962 341 4η

258 455 489 574 sunioque.
548 461 708 574 Hyeme
735 481 873 546 totum
905 489 948 544 se
978 458 1296 577 arenaobruit3
1335 449 1536 544 ‘Flumina
1561 488 1647 546 non
1674 457 1745 544 uel
1773 487 1866 544 raro
1896 459 1967 544 ad·

259 612 446 699 otendit.
504 614 687 699 Maximi
714 613 911 698 dicuntur
940 644 1028 698 esse
1058 613 1170 698 circa
1197 615 1351 697 ostium
1381 610 1500 695 fluvii
1530 612 1799 714 Cambalina,
1830 614 1882 694 ab
1911 609 1965 692 iis

226 763 614 892 ‚denominatum
660 780 711 852 30
741 765 889 850 stadiis
933 799 957 848 a
999 767 1287 880 promontorio
1334 768 1526 880 Lopatka
1568 764 1829 850 Peninsulae.
1890 773 1966 854 Est

261 912 398 1032 piscis
424 920 524 1004 satis
553 918 704 1022 vivax,
732 918 807 1033 qui
833 948 909 1032 per
935 943 1032 1004 octo
1063 920 1131 1002 vel
1160 921 1311 1009 decem
1341 918 1465 1004 horas
1493 941 1616 1002 extra
1644 945 1795 1030 aquarn
1823 940 1964 1035 super-

261 1089 353 1154 ates
379 1093 456 1156 est.
502 1078 677 1187 Propter
704 1071 886 1156 aliorum
916 1068 1096 1184 piscium
1124 1071 1427 1175 abundantiam
1455 1092 1499 1154 et
1527 1073 1775 1155 muricatam
1804 1075 1965 1188 pellem

265 1221 427 1307 nullius
455 1224 585 1341 pretii
613 1223 794 1309 habetur
821 1245 866 1306 et
900 1253 924 1305 e
954 1221 1112 1306 retibus
1140 1221 1186 1306 in
1214 1222 1331 1307 littus
1362 1221 1471 1306 solet
1508 1222 1633 1336 ejici,
1672 1221 1747 1307 ubi
1787 1222 1964 1341 integris
2036 1253 2040 1257 ’

262 1401 397 1488 saepe
428 1375 606 1463 cumulis
633 1383 786 1487 jacent.
843 1381 959 1460 Haec
988 1373 1098 1460 mihi
1125 1398 1222 1491 post
1247 1376 1409 1462 editam
1437 1407 1560 1493 supra
1597 1373 1773 1463 citatam
1807 1380 1967 1470 deseri.

266 1526 464 1644 ptionem
492 1527 775 1614 innotuerunt.
1046 1645 1049 1650 .

409 1682 605 1769 Descr.
662 1683 812 1769 Forma
840 1685 892 1767 ad
921 1686 1148 1768 Platessam
1177 1683 1410 1784 accedens,
1453 1681 1650 1795 oblonga.
1707 1681 1769 1767 Os
1797 1684 1967 1776 adscen-

267 1829 403 1934 dens,
447 1842 623 1921 murillo
659 1832 859 1920 inferiore
895 1835 1115 1949 longiore,
1159 1856 1333 1947 utraque
1377 1832 1536 1918 labiata
1573 1856 1629 1941 et,
1646 1831 1754 1919 serie
1782 1843 1969 1932 conferta

266 1961 454 2069 dentium
482 1986 890 2087 obtusiusculorum,
918 1986 1213 2103 contiguorum
1241 1984 1477 2102 pectinata,
1506 2017 1685 2103 quorum
1712 1987 1847 2077 antici
1874 2025 1967 2081 aeno

267 2134 354 2220 sim
382 2138 508 2250 paulo
536 2146 729 2250 majores„
768 2144 942 2224 Lamina
969 2164 1185 2253 mys-taceo
1213 2137 1384 2225 linearis
1414 2137 1536 2252 apice
1567 2134 1803 2227 latiuscula.
1840 2145 1967 2235 Oculi

270 2319 298 2374 a
324 2288 457 2373 latere
486 2289 668 2397 sinistro,
696 2294 825 2395 fusco,
856 2291 1137 2407 subcontigui,
1167 2293 1333 2396 orales,
1363 2288 1565 2378 inferiore
1598 2291 1727 2407 paulo
1755 2297 1965 2385 anteriore

269 2444 426 2556 angulo
453 2440 537 2527 oria
565 2445 785 2556 proximo:
815 2447 944 2530 [rides
972 2476 1068 2532 eum
1096 2444 1315 2530 fuscedine
1345 2472 1508 2547 aureae,
1539 2443 1731 2559 margine
1763 2448 1982 2570 pupillari.

274 2594 490 2680 rutilante.
539 2596 673 2683 Nares
700 2595 891 2684 sinistrae
919 2596 1031 2684 inter
1058 2598 1201 2683 oculos
1230 2594 1398 2699 antiae,
1429 2598 1604 2682 dextrae
1631 2626 1763 2713 prope
1793 2598 1966 2690 initium

276 2743 433 2860 pinnae
463 2747 600 2854 dorsi,
643 2773 833 2865 apertura
871 2752 1001 2836 altera
1037 2751 1244 2836 tubulosa.
1304 2752 1440 2863 Caput
1468 2746 1630 2837 vertice
1659 2752 1716 2840 ad
1745 2773 1968 2871 utrumque

276 2893 384 2982 latus
409 2897 564 3014 pinnae
594 2903 769 2988 dorsalis
796 2911 896 3018 jugo
925 2901 1247 3006 rubenitarum,
1275 2925 1412 2987 totum
1434 2931 1532 2986 cuna
1551 2902 1764 3018 operculis
1779 2906 1971 2994 obsitum

277 3047 492 3138 tuberculis
520 3053 649 3137 osseis
676 3058 832 3171 plano·
848 3056 1119 3160 orbiculatis,
1149 3085 1256 3168 quae
1285 3049 1483 3138 radiatim
1512 3052 1644 3140 acutis
1670 3054 1848 3169 spinulis
1876 3088 1969 3144 mu·

277 3193 407 3287 ricata
419 3265 434 3303 ,
461 3203 508 3289 in
538 3205 699 3291 ambitu
724 3210 1039 3296 tuberculorum
1069 3207 1279 3319 longiores
1306 3229 1351 3288 et
1381 3201 1587 3289 stellatim
1614 3203 1839 3293 radiantes.
1883 3214 1967 3294 Tu·

274 3345 447 3440 hercula
475 3357 552 3442 illa
580 3391 603 3442 a
631 3358 764 3445 latere
791 3362 907 3446 fusco
936 3359 1218 3460 creberrima,
1250 3389 1272 3439 a
1301 3358 1432 3441 latere
1462 3356 1560 3440 albo
1586 3384 1754 3468 sparsa,
1781 3359 1833 3443 ad
1862 3361 1968 3446 cari·

266 3521 377 3592 nam
404 3510 576 3595 verticis
604 3513 888 3612 confertiora,
925 3513 973 3599 in
1015 3510 1156 3597 medio
1195 3488 1489 3626 operculorum
1529 3505 1653 3617 hujus
1695 3509 1838 3594 lateris
1876 3515 1967 3600 fere

259 3653 409 3743 nulla.
466 3659 671 3777 Opercula
700 3665 995 3752 branchiarum
1023 3695 1134 3780 pone
1162 3664 1383 3777 angulata,
1420 3658 1594 3748 inferius
1621 3659 1964 3770 semicirculum,

253 3804 482 3917 tegentia.
540 3817 727 3903 flabello
756 3820 1009 3905 branchialr'a
1034 3817 1268 3903 triradiata.
1306 3819 1468 3930 Corpus
1494 3834 1685 3918 ovatum,
1714 3815 1759 3900 in
1787 3819 1967 3903 caudam

250 3961 561 4072 productum,
608 3968 796 4083 margine
838 3970 1017 4056 ventrali
1050 3971 1178 4085 paulo
1215 3969 1346 4083 magis
1384 3993 1566 4054 arcuato.
1625 3969 1753 4051 Lr'rrea
1780 3967 1965 4055 lateralis

246 4112 640 4224 catenulisormis,
684 4127 737 4208 ab
779 4123 875 4235 ipso
915 4123 1030 4209 oculi
1063 4121 1222 4210 cantho
1259 4121 1440 4236 incipit,
1486 4122 1670 4206 flexuose
1699 4151 1809 4236 pone
1838 4145 1966 4238 caput

247 4233 552 4399 §escandens
584 4275 774 4390 acapite
804 4276 957 4361 leviter
985 4299 1151 4361 arcuata
1172 4273 1288 4376 hinc,
1319 4278 1443 4360 dorso
1463 4274 1589 4389 paulo
1613 4272 1805 4371 vicinior,
1834 4297 1965 4377 recta,

249 4407 466 4510 ¹¹¹ermis.
514 4400 741 4518 Tubercula
771 4426 999 4533 manicata,
1030 4458 1147 4514 ossea
1175 4428 1372 4540 utrinque
1401 4428 1453 4508 ad
1482 4425 1560 4511 lin.
1589 4422 1707 4508 later.
1739 4427 1828 4510 fere
1858 4425 1965 4510 serie

254 4535 470 4713 digesta,
508 4583 739 4675 secundum
766 4582 915 4696 pinnas
942 4580 1269 4694 longitudinales
1299 4576 1604 4664 confertissima
1635 4575 1741 4661 serie
1769 4576 1881 4664 inter
1906 4610 1968 4662 ra·

259 4685 378 4806 ⁶¹08
403 4727 634 4849 disposita,
673 4732 838 4847 reliquo
873 4731 1099 4816 intervallo
1128 4762 1303 4846 sparsa,
1338 4731 1505 4827 crebra,
1544 4735 1726 4842 majora,
1765 4762 1891 4845 quam
1921 4733 1967 4815 in
