4404 5902
821 617 1044 730 Genus
1153 621 1643 732 VIPERAE.
1750 704 1760 723 .

532 1087 731 1197 Viperae,
802 1077 1023 1168 venenatis
1064 1078 1165 1164 telis
1202 1107 1349 1165 omnes
1394 1075 1629 1194 praeditae,
1698 1074 1838 1195 primo
1879 1082 2088 1198 adspectu

394 1236 521 1324 facile
563 1237 863 1352 dignoscuntur
904 1242 1037 1343 capite
1080 1231 1329 1348 praesertim
1367 1231 1634 1336 subcordato,
1693 1235 1764 1318 vel
1791 1232 1909 1348 quasi
1938 1261 2090 1321 versus

394 1388 610 1505 parotides
636 1391 839 1487 buccato,
878 1407 1000 1469 torva
1028 1383 1112 1469 oris
1140 1382 1274 1489 facie,
1316 1405 1372 1469 et
1398 1381 1643 1500 praesertim
1672 1385 1766 1470 telis
1794 1413 1867 1469 seu
1894 1386 2089 1473 dentibus

393 1540 441 1626 in
471 1539 679 1626 anteriore
706 1535 840 1655 palati
865 1560 984 1653 parte
1013 1536 1259 1651 majoribus,
1315 1533 1439 1620 felini
1464 1532 1613 1648 unguis
1641 1534 1772 1619 instar
1797 1533 2089 1652 repostilibus,

393 1689 510 1779 cavis
537 1713 594 1776 -et
631 1688 726 1777 basi
764 1688 886 1805 quasi
927 1687 1175 1804 calyculatis
1206 1691 1399 1798 folliculo
1438 1682 1703 1792 venenum,
1760 1693 1876 1801 cujus
1915 1686 2092 1775 toxicus

393 1839 534 1957 liquor
560 1872 637 1959 per
663 1840 777 1958 ipsos
804 1844 977 1947 dentes,
1033 1844 1087 1929 ad
1112 1871 1300 1927 morsum
1326 1833 1572 1953 erigendos,
1630 1837 1677 1923 in
1717 1839 1892 1924 vulnera
1919 1838 2088 1928 defluit.

392 1994 553 2079 Omnes
580 1993 705 2109 hujus
732 1992 899 2111 generis
939 1992 1101 2110 species
1141 2000 1400 2108 proportione
1443 2012 1532 2075 tota
1573 2012 1617 2076 et
1651 1989 1898 2107 praesertim
1922 1993 2091 2081 caudae

394 2167 490 2229 sunt
528 2144 755 2232 torosiores
795 2168 841 2232 et
875 2144 1097 2232 breviores
1142 2142 1338 2228 Colubris
1383 2163 1428 2228 et
1466 2149 1648 2260 squamis
1662 2180 1665 2187 ·
1669 2143 1921 2263 plerumque
1949 2142 2092 2259 magis

394 2293 636 2400 horrentes,
663 2294 796 2381 etiam
823 2294 935 2382 circa
962 2294 1148 2381 nucham
1173 2293 1361 2379 minutis.

820 2523 907 2642 46.
990 2522 1310 2614 VIPERA
1374 2524 1657 2617 Cereales.

533 2760 589 2842 V.
619 2755 827 2856 albicans,
857 2750 1083 2839 comicmis
1107 2749 1469 2869 supraocularibus
1495 2750 1697 2838 subulatis
1718 2752 1904 2844 corneis.

619 2908 805 2998 Coluber
829 2928 1048 3013 comatus,
1102 2908 1291 3022 Hasselq.
1319 2915 1409 2991 itin.
1440 2937 1480 3018 p.
1512 2920 1608 2995 διδ.
1636 2938 1677 2992 n.
1707 2910 1901 2997 61.Act.
1934 2911 2090 3029 Upsut.

674 3075 797 3172 1750.
825 3094 867 3178 p.
898 3096 965 3173 27·
1663 3120 1666 3125 -

614 3212 804 3301 coluber
844 3214 1054 3317 Cerastes,
1107 3216 1198 3299 Llrr.
1243 3230 1349 3325 syst.
1389 3213 1486 3296 XII.
1526 3214 1559 3295 Ι.
1586 3245 1629 3328 ρ.
1667 3227 1766 3328 -376.
1832 3221 1952 3306 Ellis.
1985 3219 2093 3307 Act.

670 3368 798 3480 Argi.
826 3370 909 3451 vot.
935 3366 1043 3451 LVI.
1072 3366 1156 3451 sab.
1184 3381 1245 3470 14.

532 3523 654 3604 Hanc
679 3488 884 3632 viperam
912 3514 1098 3602 maxime
1125 3538 1377 3601 venenatam
1403 3513 1452 3599 in
1487 3518 1652 3604 deserto
1681 3520 1860 3638 Caspico
1880 3546 1934 3609 et
1958 3529 2091 3613 Tata-

396 3667 490 3757 rico
510 3667 609 3754 dari
635 3668 877 3756 certissimis
915 3667 1172 3755 testimoniis
1213 3669 1415 3753 affirmare
1456 3699 1625 3784 possum
1664 3695 1708 3757 et
1747 3695 1812 3758 est
1845 3675 2091 3769 calmuccir

397 3818 642 3922 nouuima,
694 3819 802 3906 licet
840 3851 946 3907 rara.
1015 3821 1186 3906 Puellae
1209 3821 1268 3905 ab
1294 3849 1348 3905 ea
1376 3823 1594 3908 demorsos
1619 3822 1842 3910 brachium
1868 3830 2090 3941 usquead

400 3971 576 4060 axillam
603 3972 715 4062 intre
741 3972 1065 4090 nycthemerum
1105 3993 1243 4057 totum
1281 3971 1492 4061 tumidum
1533 3998 1578 4062 et
1616 3976 1938 4083 inflammatum,
1984 4009 2091 4067 eum

401 4123 562 4230 dolore,
591 4127 802 4243 bullisque
830 4122 962 4242 nigris
989 4122 1283 4240 gangraenosis
1307 4124 1514 4231 obsitum,
1545 4127 1810 4215 frictionibus
1838 4128 1925 4215 olei
1951 4133 2092 4224 calidi

399 4277 703 4364 administratis
744 4302 789 4365 et
828 4281 975 4364 crebro
1016 4273 1211 4362 exhibita
1251 4273 1481 4391 camphora
1518 4279 1565 4366 in
1594 4303 1714 4368 aceto
1754 4282 1906 4389 soluta,
1959 4316 2089 4402 aegre

398 4428 562 4516 curavit
589 4433 645 4516 D.
673 4433 731 4517 D.
765 4432 820 4515 W
825 4439 900 4518 ier
938 4429 985 4513 in
1025 4432 1254 4543 Sareptena
1294 4428 1463 4516 colonia
1493 4436 1713 4547 quondam
1752 4433 1967 4545 medicus,
2009 4440 2094 4556 qui

396 4579 583 4671 occisam
609 4583 814 4703 Viperam
845 4584 937 4701 ipse
966 4578 1091 4666 vidit.
