4404 5902
1008 344 1169 407 ἰ’-’ἓ
1870 363 1932 448 99

248 559 354 647 inter
400 555 621 646 tubercula
674 554 790 640 dicta
841 551 1207 668 longitudinaliter
1258 557 1564 644 obsoletissime
1597 555 1929 647 'canaliculatus

248 717 356 800 caut
391 741 468 797 seu
492 707 710 794 tubercula
740 705 983 822 asperrima,
1008 707 1277 824 ‘plerumque
1297 707 1451 822 exiguo
1479 713 1608 796 dente
1635 714 1928 800 submucrona·

246 889 305 965 ta,
342 861 569 979 porcisque
595 880 820 943 retrorsum
851 855 1019 942 serratis
1050 860 1238 957 stellata,
1293 862 1378 946 duo
1405 863 1605 946 frontales
1631 863 1745 947 inter
1770 863 1930 965 oculos,

247 1013 478 1127 interjectis
506 1009 617 1096 striis
656 1008 859 1094 stellatim
903 1011 1255 1123 convergentibus
1284 1034 1327 1095 et
1355 1015 1439 1097 duo
1467 1013 1596 1127 paulo
1622 1042 1734 1128 pone
1762 1013 1905 1098 oeulos
1917 1047 1930 1114 ς

253 1165 346 1252 dein
375 1168 462 1248 duo
486 1163 533 1246 in
561 1158 705 1245 medio
734 1157 893 1245 vertice
922 1182 968 1245 et
990 1159 1190 1275 utrinque
1221 1165 1274 1248 ad
1302 1185 1493 1278 tempora
1520 1192 1651 1262 unus,
1679 1163 1856 1277 exiguus
1883 1160 1929 1247 in

254 1315 387 1401 aucha·
411 1337 456 1398 et
482 1311 676 1424 utrinque
706 1312 759 1394 ad
790 1309 927 1394 sinum
957 1310 1249 1398 branchialem
1276 1314 1572 1429 imperfectus;
1621 1312 1795 1399 minuta·
1811 1343 1928 1430 prae·

257 1491 357 1552 terea
383 1464 623 1566 tubercula,
653 1463 727 1545 sed
756 1459 981 1574 asperrima
1009 1493 1129 1578 supra
1158 1464 1277 1549 basin
1305 1464 1450 1568 rostri,
1494 1487 1590 1549 ante
1617 1466 1782 1581 oculos,
1812 1462 1928 1549 'serie

260 1639 472 1702 ususversa
513 1636 700 1730 quatuor.
782 1617 938 1696 Totum
986 1636 1201 1729 praeterea
1248 1639 1373 1730 caput
1424 1647 1684 1728 squamarum
1735 1613 1927 1728 vestigiis

267 1765 502 1880 asperrimis,
544 1767 791 1880 plerumque
818 1764 1062 1850 transversis
1092 1765 1156 1874 (in
1184 1790 1303 1880 parte
1332 1766 1453 1852 molli
1480 1789 1717 1880 temporum
1745 1762 1926 1878 longitu-

272 1915 767 2027 dinalibus)·3muricatum.
801 1966 851 1982 -
892 1919 1086 2001 Rostrum
1113 1915 1423 2029 longissimum,
1466 1919 1780 2030 subassurgens,
1811 1919 1924 2000 adte-

275 2091 398 2152 nuato-
413 2066 856 2181 semicylindraceum,
914 2070 1127 2171 obtusum,
1184 2067 1275 2151 basi
1311 2099 1433 2183 supra
1470 2097 1729 2166 convexum,
1783 2069 1926 2151 subtus

276 2220 432 2328 planum,
477 2218 677 2302 lateribus
704 2248 833 2332 usque
870 2218 923 2301 nd
957 2218 1101 2302 oculos
1136 2219 1397 2330 angulatum,
1457 2217 1576 2331 apice
1605 2220 1748 2302 subtus
1775 2245 1927 2304 conve·

279 2365 476 2454 uasculum
504 2368 729 2470 et.molle;
772 2368 817 2452 in
846 2370 1029 2454 foemina
1056 2371 1183 2484 paulo
1207 2368 1389 2481 longius.
1461 2367 1640 2453 Inferior
1667 2369 1796 2453 facies
1823 2369 1926 2452 mol-

280 2514 334 2620 lis,
365 2523 578 2622 lacunosa,
621 2519 834 2624 mucidus,
880 2543 976 2604 ante
1005 2552 1050 2605 os
1080 2519 1273 2634 utrinque
1303 2523 1524 2634 suba'spera
1553 2542 1597 2603 et
1625 2517 1927 2634 longitudinali

279 2668 447 2756 rallecula
475 2698 604 2784 usque
633 2674 685 2755 ad
713 2670 873 2757 cirrhos
898 2693 1133 2774 «excavata,
1190 2670 1290 2754 inde
1331 2701 1474 2756 versus
1500 2672 1664 2786 apicem
1694 2670 1807 2756 striis
1834 2672 1924 2756 lon-

280 2812 543 2923 giudinalibus
572 2820 733 2918 crassis,
764 2823 916 2908 initio
945 2821 1177 2938 subasperis
1205 2845 1388 2936 porcata.
1453 2823 1651 2938 Superior
1677 2824 1807 2908 facies
1833 2843 1924 2907 tota

280 2973 466 3080 asperrima
483 3030 485 3035 -
501 2972 640 3087 porcis
674 2974 859 3076 serratis,
920 2975 1035 3061 varia
1078 2974 1312 3061 directione
1354 2973 1528 3088 sparsis,
1564 2995 1631 3058 'et
1659 2974 1925 3060 mucronibus

279 3141 394 3209 tersus·
418 3124 539 3210 basin
580 3126 786 3237 utrinque·
817 3125 864 3209 in
906 3127 1236 3241 longitudinem,
1294 3147 1340 3208 et
1380 3153 1502 3238 supra
1539 3117 1853 3210 extremitatem
1878 3125 1925 3214 in

279 3268 523 3374 qtlttcuncem
549 3273 774 3390 dispositis.
805 3326 856 3343 --
895 3282 1113 3379 Curium„
1128 3278 1203 3359 sub
1232 3295 1387 3376 rostro,
1411 3270 1493 3357 ori
1521 3280 1738 3388 propiores
1747 3302 1764 3377 ,·
1806 3279 1926 3367 subu·

274 3411 347 3524 ltti,
369 3427 503 3512 medii
528 3426 603 3512 vix
631 3424 842 3533 breviores
872 3450 916 3511 et
944 3426 1077 3538 magis
1101 3422 1213 3511 inter
1242 3416 1531 3509 se'distante‘s.
1562 3476 1612 3490 -
1642 3427 1704 3510 Os
1729 3427 1924 3510 deorsum

281 3562 409 3688 longius
427 3577 675 3675 ‚essenus-,1
711 3577 845 3660 formu
871 3601 917 3662 et
943 3574 1148 3661 tenuitate
1179 3576 1473 3679 maxillarum,
1521 3578 1641 3664 utin
1668 3577 1793 3695 Acip.
1821 3606 1932 3695 pyg·‹

280 3742 387 3832 mtto,
409 3732 505 3817 sed
524 3727 676 3821 :labris
715 3730 896 3814 carnosis
938 3728 1112 3816 omnino
1152 3722 1309 3814 nullis.¹
1354 3729 1559 3813 Palmum
1598 3731 1711 3842 rugis
1738 3718 1924 3818 morietis

278 3872 402 3983 quau,
431 3909 614 3995 quorum
640 3881 723 3962 duo
749 3879 913 3993 priores
939 3879 1445 3992 saturandum-tusis
1473 3872 1924 3967 branchiorutn'truns·

278 4026 377 4116 ltuis
414 4029 657 4124 eminentiis
697 4029 765 4113 his
806 4033 1042 4145 respondet.
1112 4021 1321 4117 Ambitus
1351 4030 1435 4115 oris
1476 4028 1622 4117 laevis.
1682 4034 1817 4118 Nares
1842 4028 1926 4116 situ

283 4166 345 4260 lere
367 4206 416 4268 ut
429 4183 495 4268 in·
511 4190 704 4285 Herone,
725 4181 1090 4297 patentissimae,
1122 4192 1347 4297 superiores
1361 4181 1500 4295 ‘paulo
1524 4180 1778 4280 anteriores,
1817 4181 1926 4268 obli-

279 4342 340 4426 qtte
359 4336 537 4436 orales-a*
573 4327 1300 4447 tacentes·-·0b10ngae,=aamsriore
1333 4332 1467 4424 limbo
1508 4332 1628 4416 molli
1655 4353 1901 4448 praetensae
1907 4367 1924 4429 ,-

278 4494 394 4568 carum
421 4484 535 4571 striis
559 4485 689 4569 osseis
717 4487 952 4600 asperrimis
980 4486 1207 4570 stellatum.
1238 4498 1313 4550 -·-’·
1333 4469 1461 4569 Oculi
1483 4474 1539 4566 ⁴sd
1570 4467 1691 4566 basin
1716 4481 1840 4568 rostri
1866 4485 1926 4568 la·

280 4633 427 4738 letales,
470 4638 743 4752 proportione
772 4645 953 4748 majores
977 4637 1175 4752 quantun
1206 4632 1397 4718 Sturione
1426 4639 1685 4734 eryllusone,
1741 4634 1924 4721 minores

277 4791 450 4932 quam&
479 4818 689 4902 pygmaeo
717 4782 834 4905 plani
863 4790 1034 4876 trictibus
1062 4786 1291 4900 argenteis,
1335 4790 1507 4902 ‘pupillo
1535 4772 1744 4870 circulari.
1808 4760 1926 4870 Lim-

1468 4947 1487 4986 ὑ
