4404 5902
704 562 1543 753 234.cY1>n1Nustastyr.

415 901 466 991 C.
504 897 889 1016 macrolepidotus,
920 894 1282 1015 cathetoplateus,
1321 896 1464 1016 pinnis
1490 893 1777 1017 pectoralibus
1803 918 1929 990 ream·

280 1053 474 1169 libusque
503 1052 580 1142 vix
606 1050 852 1138 rubentibus
877 1085 920 1169 p.
952 1054 1021 1136 ani
1048 1051 1259 1138 radiorum
1286 1053 1375 1137 fere
1404 1069 1476 1158 4ο.

468 1203 714 1321 leprinus
742 1201 978 1301 Bioerkna,
1007 1208 1097 1289 Lin.
1126 1225 1232 1316 syst.
1261 1205 1358 1286 ΧΠ.
1387 1207 1421 1287 Ι.
1454 1236 1495 1321 p.
1525 1215 1618 1292 539.
1647 1232 1712 1316 sp.
1743 1237 1807 1312 99.

387 1355 531 1442 Rossis
559 1357 613 1441 ad
632 1359 794 1438 Tanain
822 1377 866 1437 et
891 1352 937 1438 in
958 1353 1236 1440 Voronicensi
1267 1352 1440 1469 regione
1465 1358 1630 1469 Laakyr
1655 1354 1728 1441 vel
1753 1354 1924 1470 Kruglosl

438 1509 468 1593 i.
497 1536 536 1593 e.
566 1503 812 1591 orbicularis
844 1505 938 1591 aliis
966 1509 1179 1592 Ghusterd.

246 1635 248 1638 ⁴
406 1658 572 1744 Piscem
599 1653 715 1740 hunc
741 1685 818 1770 pro
846 1659 1054 1768 Bjoerlma
1080 1653 1275 1743 habitum
1305 1687 1329 1743 e
1354 1663 1490 1743 Tanai·
1512 1653 1718 1745 inferiore
1743 1681 1789 1743 et
1814 1660 1850 1744 fl.
1870 1651 1920 1737 Li·

272 1806 436 1925 pewiza
472 1805 657 1923 regionis
684 1805 986 1892 Voronicensis
1023 1806 1244 1924 descripsit
1273 1813 1356 1896 Cel.
1393 1808 1618 1896 Goldens
1632 1811 1802 1905 taedt,
1835 1812 1919 1917 cujus

270 1957 345 2047 hic
372 1964 503 2048 verba
528 1958 690 2059 insero,
733 1988 862 2073 quum
890 1956 1003 2044 mihi
1031 1967 1120 2073 ejus
1148 1957 1326 2045 videndi
1351 1990 1564 2077 nunquam
1588 1959 1715 2077 copia
1744 1963 1845 2047 facts
1864 1976 1916 2042 est

270 2108 412 2198 Etiam
440 2111 486 2197 in
514 2110 654 2197 fluviis
681 2141 834 2227 parvae
861 2096 1037 2198 Rossiae
1065 2111 1310 2226 praesertim
1339 2112 1481 2199 Seima
1508 2108 1708 2228 vulgaris.

409 2266 586 2354 Descr.
626 2269 832 2367 „Brumae
862 2284 926 2347 est
952 2261 1193 2347 simillimus
1221 2284 1264 2348 et
1291 2260 1603 2349 characteribus
1629 2263 1707 2349 vix
1735 2251 1916 2375 distingui·

269 2438 368 2522 „tur
379 2475 395 2516 ,
421 2435 566 2501 tamen
592 2417 822 2531 piscatores
847 2415 960 2498 bene
988 2412 1242 2519 discernunt,
1269 2444 1350 2500 nec
1375 2444 1561 2529 unquam
1586 2418 1754 2530 Lmlryr
1779 2420 1913 2499 anst

269 2565 475 2682 „attingit
503 2562 863 2681 magnitudinem,
903 2565 1152 2680 plerumque
1187 2562 1263 2650 vix
1300 2563 1517 2681 spithama
1557 2573 1704 2678 major.
1759 2558 1912 2654 Arnib

267 2716 475 2819 „assimili
501 2716 649 2800 differt
674 2742 850 2831 corpore
879 2715 1029 2800 latiore
1056 2736 1101 2799 et
1126 2719 1260 2801 cauda
1285 2745 1398 2833 pone
1416 2748 1544 2810 anum
1562 2715 1767 2805 carinata.
1793 2719 1911 2802 ensa

264 2867 349 2972 „in
374 2865 491 2952 linea
517 2864 717 2972 laterali,
759 2895 899 2953 versus
926 2868 1135 2954 abdomen
1160 2889 1357 2974 curvata,
1395 2869 1453 2956 ad
1480 2887 1549 2976 4ο.
1572 2866 1833 2983 totidemque
1852 2888 1911 2950 stt·

262 3020 454 3124 morae,
485 3046 612 3134 quem
640 3047 859 3103 numerum
888 3018 1018 3104 etiam
1045 3019 1212 3106 obtinet
1236 3018 1418 3127 Rutilus,
1446 3018 1518 3107 cui
1543 3042 1701 3136 puncta
1728 3019 1910 3105 linares·

262 3172 446 3273 „Pinuae
490 3177 715 3287 pectorales
753 3168 851 3254 albo
865 3220 879 3234 ·
892 3171 1115 3275 rubentes,
1171 3201 1295 3287 supra
1340 3173 1394 3258 ad
1432 3171 1552 3259 basin
1586 3171 1758 3287 punctis
1793 3164 1911 3257 funin

258 3322 377 3421 ,3rad.
412 3335 486 3423 163
517 3322 729 3406 Ventroles
755 3323 927 3420 rubrae,
957 3319 1078 3435 apice
1106 3320 1254 3435 nigro,
1281 3324 1369 3408 rad.
1400 3358 1440 3431 9.
1497 3325 1540 3407 P.
1570 3333 1643 3409 oni
1668 3320 1758 3410 basi
1788 3318 1911 3416 alnidt,

260 3494 515 3585 „punctata,
543 3493 737 3558 extremo
766 3473 880 3556 fusca
905 3471 1033 3557 radiis
1066 3506 1132 3581 27.
1158 3472 1298 3588 primo
1324 3475 1584 3579 brevissimo,
1614 3478 1793 3562 dorsalis
1817 3476 1916 3569 fuson

259 3645 489 3736 „punctata
517 3626 604 3707 rad.
640 3659 702 3708 ιι.
738 3621 880 3739 primo
922 3621 1130 3709 breviore.
1186 3626 1335 3712 cauta
1368 3627 1483 3712 tusca
1519 3629 1698 3714 biturca.
1764 3622 1920 3716 Maximi

260 3771 345 3874 „ad
379 3785 425 3857 13
454 3771 658 3888 pollices,
700 3771 778 3857 lati
808 3787 850 3871 3}
877 3774 981 3888 poll.
1020 3773 1209 3859 crassitie
1246 3775 1320 3858 vix
1355 3809 1476 3893 supra
1510 3781 1730 3896 pollicem.
1787 3783 1925 3870 Pinnae

260 3922 405 4025 „dorsi
432 3947 476 4007 et
509 3923 581 4009 ani
621 3923 852 4041 oppositae.
909 3924 1107 4009 Latitudo
1146 3957 1409 4041 squamarum
1449 3931 1733 4019 maximarum
1765 3951 1841 4025 sm.
1888 3938 1931 4019 ln

258 4073 544 4186 „quibusdam
570 4075 680 4163 radii
707 4077 889 4162 dorsales
924 4090 985 4168 13.
1025 4075 1166 4160 anales
1195 4089 1262 4165 39.
1316 4077 1380 4166 Os
1406 4079 1481 4167 vix
1508 4080 1695 4199 digitum
1723 4087 1936 4177 minirum

256 4224 517 4328 „admittiu‘t
