4404 5902
766 289 769 294 -
854 254 1025 308 ··--·····--
1702 229 1791 335 589

100 454 219 542 nutis
244 451 375 568 nigris
402 453 667 568 pulveratus,
700 451 916 536 abdomini
944 455 1121 540 lacteus.¹
1152 457 1302 541 ,Linea
1329 462 1513 541 lateralis
1541 454 1789 559 rectissima,

102 615 231 699 dorso
260 632 277 699 t
304 604 543 691 latitudinis
586 604 771 719 propior.
835 607 1116 711 Peritonoeum
1161 628 1431 718 argenteum,
1486 608 1792 721 punctulatum.

97 766 361 852 Ventriculus
389 761 592 858 re'llexus,
632 755 836 840 intestino
879 780 992 841 recta
1030 791 1156 845 anum
1194 760 1359 861 tendit,
1401 758 1557 873 pylori
1583 758 1792 871 appendix

99 913 257 1013 unica,
301 910 414 1023 quod
452 906 526 992 vix
564 907 608 992 in
650 906 732 990 alia
769 907 948 1022 piscium
977 911 1131 1026 specie.
1199 889 1299 996 Lien
1324 909 1524 1023 ligulatus
1552 907 1788 992 ventriculo

98 1062 350 1153 adhaerens.
407 1060 565 1144 Ovorio
600 1082 645 1143 et
667 1066 804 1178 ⁸lactes
838 1091 922 1144 non
945 1065 1035 1169 '(ut
1062 1066 1209 1148 Artedi
1235 1051 1394 1176 habet)
1439 1058 1677 1176 simplicia,
1716 1059 1790 1143 sed

98 1215 301 1333 gemina,
331 1214 431 1298 lobo
462 1219 590 1298 altero
618 1212 753 1295 multo
781 1213 986 1331 breviore,
1018 1221 1137 1300 alteri
1163 1217 1209 1301 in
1239 1215 1411 1328 regione
1440 1212 1662 1328 pinnarum
1690 1237 1788 1293 ven·

96 1366 276 1455 trabum
305 1386 417 1449 arcte
446 1363 717 1449 adhaerente.
775 1364 873 1448 Ovo'
907 1366 1091 1473 minuta,
1134 1365 1397 1453 latescentia.
1456 1367 1603 1450 Vesica
1631 1370 1793 1447 anemio

94 1518 314 1632 simplex,
355 1517 478 1601 dorso
520 1517 696 1619 adnata,
742 1546 868 1630 saepe
896 1517 1100 1603 taeniolas
1128 1520 1365 1605 continens.
1422 1518 1564 1630 Hepor
1593 1514 1789 1628 simplex,
1928 1564 1932 1575 ‹

93 1677 238 1783 cystis
269 1667 353 1751 bile
383 1664 721 1780 flavo-hyalina.
761 1670 979 1756 Vertebrae
1009 1685 1076 1779 54.
1106 1677 1256 1759 Costoe
1285 1660 1450 1786 spuriae
1481 1679 1547 1754 30.
1578 1694 1700 1752 verae
1723 1695 1817 1779 aa,

268 1933 382 2052 069.
421 1936 698 2026 saturo
734 1939 990 2031 sociatis.
1040 1940 1174 2030 Tau.
1215 1939 1431 2031 LXXXI.
1461 1937 1544 2058 fig.
1587 1965 1631 2038 2.
1764 2067 1768 2074 .

245 2124 287 2204 S.
317 2123 554 2234 (Osmerus)
584 2121 711 2207 fascia
742 2122 908 2207 laterali
936 2123 1107 2228 oiliata,
1137 2125 1265 2211 radiis
1291 2126 1447 2239 pinnae
1475 2125 1546 2209 ani
1578 2155 1643 2209 aa.

325 2270 486 2387 Clupea
531 2275 721 2387 (villosa)
761 2275 875 2358 linea
914 2275 1081 2360 laterali
1129 2275 1395 2391 proruiuula,
1452 2276 1592 2380 hirta,
1644 2271 1794 2360 Multa

382 2427 520 2544 prodr.
550 2427 668 2511 Zool.
701 2428 812 2514 Dan.
842 2442 966 2543 poa.
996 2429 1345 2540 n.1a5.·Gmelin.
1373 2450 1479 2542 syst.
1506 2433 1584 2515 Ill.
1615 2463 1655 2545 p.
1678 2443 1792 2535 ¹4⁰9·

381 2611 440 2693 sp.
477 2597 536 2682 14.

187 2766 192 2773 ·
242 2731 382 2816 Pisces
410 2752 505 2814 sunt
533 2731 712 2844 gregarii
741 2755 785 2817 et
814 2700 974 2820 acerris
1002 2732 1380 2819 innumerabilibus
1407 2731 1520 2818 circa
1547 2714 1794 2818 initiumet

69 2915 233 3002 ‚usque
261 2888 316 2967 ad
345 2883 534 2967 medium
559 2884 704 2983 Junii,
745 2887 871 2969 maris
908 2852 1103 2971 fluetibus
1131 2886 1178 2970 in
1206 2885 1350 2971 littora
1378 2906 1626 2998 egeruntur,
1678 2908 1796 2972 tanta

62 3039 258 3155 topia,
297 3058 345 3119 ut
386 3032 516 3118 instar
536 3010 715 3148 ¹aggeris
752 3039 808 3120 ad
843 3036 1047 3122 dimidiae
1085 3038 1210 3122 ulnae
1248 3037 1521 3123 altitudinem
1557 3038 1797 3125 coacervati

66 3204 280 3313 jaceant.
338 3189 596 3313 observatur
637 3184 721 3272 hoc
760 3211 848 3273 tam
888 3188 937 3272 in
982 3186 1130 3271 insulis
1171 3189 1287 3272 inter
1327 3188 1457 3274 Asiae
1496 3210 1542 3274 et
1569 3186 1792 3273 Americae

68 3340 370 3438 continentes
399 3339 517 3439 sitis,
560 3369 685 3453 quam
724 3339 770 3423 in
799 3335 1119 3441 Camtschatca,
1163 3339 1319 3425 nullibi
1358 3361 1498 3424 autem
1531 3338 1683 3451 majori
1711 3341 1792 3424 fre·

61 3491 277 3619 quentia
306 3521 430 3605 quam
460 3491 571 3576 circa
600 3491 739 3577 sinum
752 3489 968 3575 Avatscha
995 3513 1039 3574 et
1068 3493 1121 3575 ad
1152 3489 1259 3575 ostia
1288 3490 1519 3583 rivulorum
1535 3489 1803 3606 Shupanova'

66 3676 130 3742 et
172 3640 542 3739 Schemaetschik.
583 3646 742 3728 Mirum
771 3666 912 3727 autem
940 3645 1080 3757 quod,
1111 3674 1193 3760 ope
1225 3642 1379 3763 lineas
1394 3643 1580 3737 lateralis
1608 3643 1794 3751 eiliatae,

59 3806 241 3926 pisces
269 3797 517 3910 plerumque
545 3795 709 3910 plures,
755 3799 865 3899 duo,
905 3817 990 3880 tres
1028 3816 1072 3880 et
1111 3824 1241 3910 usque
1279 3797 1332 3880 ad
1367 3796 1501 3882 denos
1528 3793 1589 3881 ita
1617 3797 1793 3882 firmiter

62 3953 359 4051 cohaerent,
400 3971 448 4030 ut
487 3952 651 4033 sublato
692 3979 775 4034 uno
814 3949 967 4064 reliqui
998 3950 1113 4033 velut
1142 3946 1393 4062 adglutinati
1420 3970 1659 4061 sequantur.
1716 3948 1792 4038 Vi·

61 4114 425 4203 demorantem
455 4098 584 4183 etiam
611 4100 657 4184 in
687 4099 792 4185 mari
818 4099 879 4185 sie
905 4099 1132 4187 cohaerere
1160 4122 1377 4202 natantes,
1406 4121 1453 4185 et
1478 4102 1586 4186 forte
1612 4101 1666 4187 ad
1696 4131 1792 4216 pro·

61 4249 347 4356 lificationis
375 4249 592 4364 negotium
619 4253 716 4336 talis
746 4283 922 4337 sexuum
950 4252 1151 4338 cohaesio
1182 4250 1419 4366 requiritur.
1476 4252 1657 4358 Odorem
1682 4283 1792 4369 spar-

60 4428 206 4536 gunt
237 4404 449 4508 virosum,
490 4404 706 4518 spermatis
743 4436 933 4489 ranarum
968 4406 1211 4508 aemulum,
1255 4425 1303 4487 ut
1329 4403 1496 4488 Osmeri
1529 4402 1606 4489 alii
1633 4427 1679 4490 et
1702 4403 1793 4491 cito
1876 4373 1885 4381 .

61 4579 375 4691 putrescunt,
403 4586 451 4641 ac
480 4557 517 4638 si
544 4558 679 4667 prima
707 4554 801 4679 vice
830 4555 1007 4640 comesti
1036 4559 1179 4671 palato
1208 4542 1445 4654 arriseribt,
1488 4557 1618 4642 altera
1646 4579 1790 4649 tamen

61 4719 194 4815 vice
228 4737 315 4795 non
343 4729 606 4825 appetuntur.
635 4704 746 4797 Hinc
774 4705 978 4799 exsiccari
1004 4730 1168 4799 tautum
1195 4707 1333 4798 solent
1350 4737 1428 4826 pro
1447 4739 1598 4798 canum
1617 4712 1789 4831 pabulo,
