4404 5902
268 394 363 463 ato
1034 390 1188 457 „a

270 595 388 685 varie
416 594 676 700 1011011111,
716 594 790 680 rel
815 588 999 694 inerme,
1025 589 1161 678 aculis
1189 585 1458 691 lateralibus3
1495 587 1630 710 forma
1655 588 1839 704 carpor-la
1865 585 1954 676 stri·

272 771 366 855 cta,
395 774 477 832 nec
505 744 762 853 rennicosa,
802 775 906 832 anus
931 740 1164 841 remotior;
1218 769 1344 856 porro
1370 739 1500 829 rictus
1528 747 1610 827 oris
1637 735 1872 854 angustius,
1912 763 1956 828 et

270 900 361 985 lere
389 897 637 1001 edentulum
693 903 827 983 aculei
867 891 1230 1010 supramaxillares
1272 912 1318 976 et
1354 894 1645 1008 operculorum
1681 891 1771 977 fere
1830 891 1958 1007 nulli,-

268 1056 417 1163 pinnac
444 1053 671 1162 pectorales
695 1048 912 1146 laterales,
949 1047 1129 1161 planae,
1168 1071 1306 1161 neque
1335 1041 1581 1127 alaeformes
1609 1063 1654 1126 et
1680 1041 1787 1128 adeo
1816 1072 1953 1130 versus

267 1199 457 1312 jugulum
484 1199 742 1313 productae,
797 1203 999 1284 vernales
1032 1191 1237 1280 minimae
1275 1194 1352 1279 sub
1389 1192 1534 1307 medio
1559 1192 1765 1295 thorace,
1819 1201 1954 1284 01111111

266 1377 495 1464 paucorum
522 1348 761 1444 radiorum
790 1346 980 1434 omnium
1012 1345 1259 1461 pinnarum,
1289 1343 1420 1430 etiam
1447 1345 1624 1447 caudae,
1652 1345 1763 1428 radii
1788 1342 1955 1462 simpli-

267 1524 357 1604 ces,
413 1497 596 1601 seracei3
651 1520 790 1582 totum
815 1499 989 1583 tandem
1015 1526 1167 1614 corpus
1194 1504 1358 1583 lantinis
1386 1504 1511 1582 osseis
1538 1493 1708 1580 radiatis
1735 1492 1956 1611 cataphra-

265 1669 383 1734 ctum
408 1670 453 1733 et
479 1647 737 1763 angulatum.
775 1698 833 1715 -
890 1646 1002 1734 Hinc
1031 1648 1183 1733 eodem
1209 1652 1300 1760 jure
1328 1678 1352 1733 a
1379 1644 1516 1733 Cattis
1546 1643 1751 1761 distingui
1778 1648 1951 1755 debent,

259 1828 317 1884 ac
343 1794 580 1884 Laricariae
609 1829 634 1883 a
662 1797 811 1885 Siluris
839 1797 1091 1913 (loricatis),
1134 1799 1204 1883 vel
1231 1799 1486 1915 Polynemus
1514 1828 1540 1882 a
1565 1796 1730 1911 Trigla,
1765 1796 1845 1884 rel.
1903 1805 1952 1885 In

256 1947 497 2064 Europaeis
525 1949 709 2036 maribus
737 1949 864 2037 unica
890 1948 1015 2063 hujus
1043 1949 1257 2036 affinitatis
1284 1946 1446 2065 species
1471 1952 1637 2060 (Cottas
1662 1951 1953 2065 cataphractus

261 2100 388 2212 tta.)
416 2097 608 2203 habitat3
669 2129 725 2186 ex
752 2101 951 2189 orientali
985 2104 1159 2188 Oceano
1194 2123 1280 2185 tres
1316 2098 1478 2216 species
1506 2101 1712 2187 accedunt
1739 2120 1785 2184 et
1809 2101 1953 2217 plures

264 2249 373 2333 forte
400 2251 602 2364 analogae
631 2221 678 2339 in
706 2272 922 2366 posterum
950 2249 1095 2366 detegi
1121 2272 1333 2369 poterunt.

269 2515 351 2621 87.
403 2515 1067 2614 PHALANGISTES
1129 2518 1570 2640 acipenserinus.
1621 2513 1752 2606 ΤΑΒ.
1798 2513 1950 2616 XVII.

401 2700 482 2786 Ph.
509 2730 584 2787 ore
609 2699 765 2808 infera,
794 2702 947 2790 cirrhis
973 2701 1185 2820 plurimis,
1217 2731 1391 2818 corpore
1420 2702 1633 2809 octaedra,
1656 2700 1828 2826 angulis
1856 2735 1953 2799 acn-

265 2846 612 2954 leat0·serratis,
640 2849 755 2938 linea
782 2855 949 2941 laterali
976 2859 1209 2941 1111011011
1236 2851 1486 2962 deficiente..

372 2997 543 3084 Aleutis
569 3003 991 3119 Kosclradaagnitsch.
1875 3117 1880 3123 ,

400 3148 528 3239 circa
566 3148 748 3238 insulam
786 3153 1067 3241 Unalaschka.
1135 3151 1360 3241 Americae
1396 3149 1601 3258 vicinam,
1656 3151 1704 3240 in
1733 3156 1844 3275 mari
1869 3159 1950 3249 fre·

254 3325 409 3412 quens,
439 3302 551 3387 unde
578 3303 795 3418 complura
823 3305 1055 3422 specimina
1082 3304 1237 3392 adtulit
1263 3305 1321 3390 D.
1349 3307 1405 3387 D.
1433 3306 1485 3388 M
1488 3278 1585 3389 erle.

395 3453 575 3539 Descr.
603 3453 749 3540 Facies
780 3456 955 3542 omnino
982 3457 1102 3572 parvi
1129 3454 1421 3570 Acipenseris,
1451 3475 1493 3539 et
1521 3455 1638 3540 color
1663 3463 1744 3545 Ac.
1772 3458 1948 3549 rutheni

260 3599 451 3689 dilutior.
509 3608 645 3717 Caput
672 3608 929 3690 tetraedrum
959 3637 1145 3709 osseum,
1175 3609 1447 3722 productum,
1474 3626 1604 3691 rostro
1633 3609 1852 3722 depresso,
1883 3644 1947 3699 su·

258 3780 334 3863 pra
362 3779 577 3856 convexa,
607 3757 820 3868 usquead
848 3755 1005 3843 orbitas
1033 3782 1177 3872 argute
1205 3779 1398 3873 paccata,
1435 3758 1577 3842 subtus
1605 3756 1758 3872 plano,
1790 3757 1943 3849 cirrhi·

259 3897 371 4003 fero,
409 3900 531 3986 molli
557 3925 734 4017 utroque
764 3903 950 4018 margine
979 3907 1264 4022 argutissimo,
1307 3904 1581 3993 denticulata.
1646 3911 1796 3996 Acuta
1821 3912 1944 4000 rostri

259 4068 435 4164 11011101
460 4050 507 4137 in
534 4055 656 4172 apice
684 4054 941 4161 terminales,
972 4087 1147 4172 quorum
1174 4061 1259 4145 duo
1286 4079 1402 4145 recta
1427 4062 1628 4172 protensi,
1655 4061 1740 4147 dua
1761 4062 1944 4166 recurri,

260 4199 344 4286 dua
370 4202 566 4320 utrinque
596 4204 865 4322 marginales,
907 4206 1129 4316 distantes,
1168 4208 1404 4315 retrorsati,
1442 4239 1547 4295 unus
1572 4239 1694 4327 supra
1720 4211 1767 4297 in
1794 4213 1941 4302 media

256 4373 356 4438 ante
386 4354 546 4442 orbitas
572 4358 801 4473 gemellus,
859 4388 913 4445 ex
941 4390 1023 4447 una
1049 4360 1154 4449 basi.
1225 4366 1310 4450 Sub
1340 4383 1485 4449 ,rostro
1511 4364 1635 4448 airrlu
1660 4363 1942 4451 fulvescentea

255 4529 399 4588 versus
425 4508 590 4623 apicem
619 4507 887 4625 marginales,
922 4512 1119 4631 utrinque
1146 4514 1356 4631 quinque,
1392 4510 1638 4628 capillares,
1666 4513 1943 4632 subsanipol-

257 4648 427 4763 licares,
482 4658 668 4779 crispati.
727 4663 790 4749 os
816 4664 892 4747 sub
922 4663 1066 4752 medio
1094 4687 1233 4752 rostro
1266 4664 1476 4771 lunatum,
1533 4660 1711 4750 maxilla
1737 4662 1941 4752 inferiora

256 4808 391 4897 multo
431 4811 649 4924 breviaro,
707 4838 882 4934 utraque
926 4815 1109 4924 labiata,
1165 4815 1392 4912 denticulis
1434 4813 1727 4911 minutissimis
1763 4815 1870 4906 11111
1896 4814 1942 4905 ia
