4404 5902
342 348 442 438 236
712 296 717 306 ι
1117 361 1266 423 ==

457 566 800 661 Camtsclradalis
832 566 1235 680 Uasclralrtamyrelr.

451 721 622 811 Aleutis
655 726 933 834 Anamehlylr.

486 875 610 962 Circa
653 873 1022 975 Camtschatcam,
1077 869 1324 990 praesertim
1367 872 1420 956 ad
1461 873 1753 988 promontoria
1791 870 1969 961 Cronolr
2006 896 2057 967 at

345 1024 716 1130 Schemaetschilt,
760 1030 814 1111 ad
842 1048 1076 1111 extremam
1106 1027 1235 1110 etiam
1266 1023 1585 1112 Camtschateae
1612 1029 1741 1111 finem
1769 1048 1814 1112 et
1840 1024 1960 1115 circa
1988 1028 2058 1115 in·

343 1184 453 1270 sulas
481 1178 718 1277 Aleuticas,
760 1177 1009 1293 praesertim
1039 1176 1373 1281 Unalaschkam,
1417 1178 1564 1262 littora
1601 1207 1772 1264 arenosa
1802 1180 2055 1293 frequentat

342 1356 387 1420 et
415 1332 568 1417 incolis
596 1352 659 1415 est
693 1328 947 1415 notissimus.
1018 1332 1263 1413 Recedente
1293 1352 1411 1414 aestu
1437 1334 1484 1413 in
1514 1359 1639 1415 arena
1669 1329 1910 1435 delitescit,
1957 1332 2055 1420 solo

341 1485 557 1572 eminente
591 1482 752 1598 capite,
794 1481 870 1565 ubi
899 1480 1092 1565 manibus
1120 1481 1297 1613 capitur.
1365 1489 1415 1564 In
1441 1481 1659 1568 scrobibus
1689 1480 1736 1566 in
1763 1510 1891 1565 arena
1922 1512 2057 1570 exce·

341 1637 450 1722 vatis
478 1634 690 1720 foeminae
720 1665 801 1719 ova
832 1656 1089 1736 exonerant,
1120 1664 1252 1717 mares
1279 1657 1420 1717 autem
1449 1632 1684 1749 genituram
1720 1636 2058 1749 superfundunt,

339 1815 384 1874 et
411 1817 534 1902 saepe
563 1817 645 1870 una
674 1816 772 1871 cum
801 1784 1019 1900 pisciculis
1045 1782 1419 1899 deprehenduntur
1446 1785 1710 1871 incubantes.
1771 1790 1892 1905 llaec
1924 1816 1954 1871 e
1986 1818 2055 1875 re·

338 1939 499 2026 latione
526 1938 761 2058 incolarum
791 1937 936 2020 retulit
964 1939 1021 2018 D.
1053 1939 1110 2018 D.
1139 1940 1254 2041 Meri
1282 1969 1305 2020 a
1335 1967 1419 2051 quo
1447 1961 1491 2023 et
1520 1935 1752 2055 specimina
1787 1934 1955 2023 siccata
1986 1970 2053 2027 ac·

338 2091 450 2208 cepi.
502 2094 531 2173 S
539 2098 759 2177 telleras
788 2086 974 2174 credidit
1005 2090 1059 2171 ad
1086 2089 1249 2172 nullum
1276 2112 1470 2175 notorum
1499 2119 1699 2203 generum
1727 2086 1876 2172 referri
1907 2121 2054 2205 posse,

335 2242 523 2356 ideoque
560 2242 876 2327 Trichoclontem
905 2239 1156 2354 appellavit,
1196 2263 1371 2356 propter
1409 2240 1645 2327 denticulos
1674 2269 1854 2326 corneos
1893 2244 2054 2330 maxil-

336 2395 406 2482 lae
433 2391 644 2480 inlerioris
672 2415 908 2478 extremam
948 2413 1111 2507 partem
1152 2389 1338 2479 exterius
1371 2391 1486 2479 ciliis
1523 2391 1770 2479 ambientes.
1840 2393 2054 2484 Flumine

334 2577 548 2662 nunquam
575 2547 748 2632 intrant.

476 2703 648 2786 Descr.
717 2704 902 2811 Majores
942 2698 1342 2814 decempollicares;
1396 2701 1547 2787 Forma
1587 2696 1784 2784 assimilis
1829 2700 2053 2803 Draconi,

334 2876 476 2951 sterno
504 2855 648 2938 subtus
674 2849 1005 2968 prominentiore
1034 2848 1194 2952 adhuc,
1222 2855 1346 2938 dorso
1375 2851 1628 2950 rectissimo,
1652 2881 1833 2967 corpore
1850 2854 2047 2941 brevior.

336 3008 476 3120 Caput
502 3007 650 3119 breve,
697 3033 1004 3117 compressum,
1029 3013 1177 3088 vertice
1205 3005 1319 3089 inter
1340 2998 1485 3089 oculos
1512 3007 1663 3121 plano,
1698 3033 1835 3118 usque
1866 3008 1928 3091 ad
1961 3006 2049 3095 oris

335 3157 591 3272 marginem,
634 3153 876 3271 inaequali;
929 3186 997 3239 ore
1025 3186 1184 3239 sursum
1212 3158 1301 3240 late
1327 3156 1569 3271 aperiendo.
1635 3158 1822 3243 Maxilla
1852 3170 2049 3275 super-lor

332 3308 601 3412 brevissima,
631 3306 857 3405 fornicata,
885 3313 1040 3391 lamina
1070 3330 1284 3418 mystacea
1312 3312 1507 3394 deorsum
1535 3308 1787 3411 latescente,
1819 3310 2040 3396 cuneilor·

329 3462 410 3561 mi,
453 3483 667 3555 truncata;
724 3463 889 3572 inferior
923 3462 1165 3559 rotundare,
1210 3461 1398 3573 longior,
1439 3462 1526 3543 fere
1571 3460 1807 3563 verticalis,
1854 3488 2045 3549 externo

330 3613 520 3726 margine
551 3610 832 3696 extremitatis
858 3618 1001 3696 ciliata
1034 3617 1176 3695 seculis
1203 3610 1584 3728 subcartilagiueis,
1611 3610 1750 3709 luscis,
1780 3611 1937 3700 clauso
1967 3644 2043 3701 ore

333 3763 590 3878 superiorem
622 3763 979 3878 amplexantibus,
1010 3767 1141 3870 (unde
1169 3794 1325 3849 nomen
1351 3769 1577 3850 Stellero
1606 3763 1867 3874 conditum).
1931 3771 2041 3854 Derr-

331 3938 391 4003 tes
419 3917 464 4000 in
494 3914 708 4028 utriusque
737 3914 939 3997 maxillae
968 3917 1054 4000 lato
1086 3915 1293 4030 margine,
1337 3917 1624 4032 superiorique
1653 3914 1876 4031 duplicata
1907 3921 2037 4025 serie,

327 4068 533 4167 conferti,
560 4066 740 4169 setacei,
771 4065 1030 4167 acutissimi,
1059 4067 1284 4152 introrsum
1313 4091 1534 4183 vergentes
1562 4090 1607 4152 et
1633 4068 1833 4176 incurri,
1878 4073 2036 4177 albidi,

326 4221 540 4336 sparsique
570 4220 752 4303 minores
780 4219 824 4303 in
854 4240 946 4306 toto
974 4221 1129 4335 palato.
1187 4222 1310 4307 Oculi
1338 4223 1560 4324 laterales,
1600 4220 1780 4336 margini
1816 4228 1907 4309 oris
1937 4256 2034 4342 pro·

326 4375 459 4476 ximi,
496 4371 740 4484 majusculi;
785 4373 910 4458 irides
936 4375 1065 4458 ssavo·
1092 4398 1336 4486 argenteae,
1380 4376 1518 4479 latae,
1558 4374 1684 4459 litura
1710 4404 1866 4489 supera
1897 4382 2031 4464 fusca

320 4529 456 4613 Nares
482 4523 546 4610 ori
574 4522 795 4640 proximae
824 4547 919 4609 ante
949 4525 1115 4630 oculos,
1165 4527 1375 4642 duplices,
1421 4528 1756 4643 approximatae,
1796 4526 2034 4635 interjecta

322 4676 611 4765 membranula
648 4677 937 4793 prominente,
981 4677 1258 4792 bicuspidata.
1328 4680 1534 4785 Opercula
1560 4682 1854 4766 bracchiorum
1881 4714 2033 4798 parva,

324 4829 713 4945 rotundataplana,
735 4829 879 4919 medio
908 4861 1007 4917 arcu
1035 4859 1153 4918 osseo
1180 4854 1406 4921 retrorsum
1432 4831 2033 4950 quinquedeutatoaculsato,
