4404 5902
340 390 434 495 dio
1119 420 1266 475 Ξ

480 630 529 711 In
559 619 698 709 fluviis
726 619 1101 708 transurslensibus
1131 647 1273 704 versus
1301 619 1370 705 Ob
1400 638 1444 704 et
1472 599 1594 723 Irtis,
1623 621 1815 739 itemque
1843 621 1898 705 ad
1925 619 2036 708 ieni-

348 804 462 861 seam
489 775 763 862 tendentibus
792 796 837 879 et
864 773 908 859 in
940 773 1007 859 his
1033 771 1136 889 ipsis
1164 770 1321 875 fluviis,
1352 792 1398 856 ut
1424 791 1470 856 et
1495 771 1541 856 in
1570 777 1686 857 Lena
1714 795 1760 856 et
1786 774 2041 860 collaterali·

343 927 421 1012 bus
450 928 589 1014 fluviis
618 928 777 1014 saxosis
809 926 979 1046 copiose
1008 924 1173 1041 capitur
1201 922 1273 1009 hic
1309 920 1465 1038 piscis,
1512 924 1586 1038 qui
1616 954 1816 1038 aquarum
1847 927 2040 1013 dulcium

342 1079 564 1176 alumnus,
602 1111 688 1166 non
717 1083 965 1165 anadromus
992 1079 1183 1179 videtur3
1226 1075 1387 1161 etenim
1413 1075 1460 1159 in
1488 1073 1759 1161 inferioribus
1789 1078 2042 1193 regionibus

339 1227 515 1315 istorum
544 1232 762 1317 fluminum
791 1261 933 1317 versus
964 1259 1076 1313 mare
1103 1259 1188 1313 non
1217 1231 1488 1325 observatur,
1514 1226 1604 1315 imo
1630 1229 1677 1312 in
1705 1231 1879 1315 Ba‘icale
1908 1232 2045 1321 etiam

339 1378 437 1465 lacu
466 1413 549 1466 non
580 1384 752 1498 copiose
781 1381 977 1469 occurrit.
1038 1379 1260 1465 Excrescit
1289 1401 1428 1464 autern
1465 1377 1512 1464 iu
1536 1374 1751 1494 insignem
1779 1383 2045 1498 magnitudi-

342 1563 466 1635 nem,
496 1534 626 1650 inque
659 1534 840 1620 Witimo
869 1557 914 1620 et
941 1533 1132 1636 Jenisea,
1168 1561 1307 1617 versus
1334 1528 1636 1637 Turuchansk,
1679 1535 1788 1618 ulira
1817 1536 2044 1651 octoginta

337 1682 469 1771 libras
494 1690 683 1802 pondere
713 1678 910 1802 aequasse
940 1685 1120 1785 dicitur,
1157 1685 1263 1769 licet
1291 1682 1473 1797 vulgaris
1501 1684 1748 1800 magnitudo
1774 1710 1951 1774 tantum
1984 1690 2045 1776 iu·

335 1857 405 1920 ter
436 1837 587 1951 viginti
616 1861 659 1924 et
684 1830 961 1954 quadraginta
990 1838 1117 1923 libras
1145 1836 1294 1921 variet.
1365 1847 1493 1921 intrat
1521 1837 1652 1923 etiam
1682 1837 1872 1927 minores
1904 1868 1958 1931 et
1984 1878 2046 1933 rs·

338 1987 463 2102 pidos
493 1990 665 2094 fluvios,
696 1994 881 2092 Sosvam,
912 1990 1085 2104 Ljalam,
1114 1995 1282 2092 Turam,
1312 1991 1474 2090 Ubam,
1504 1994 1713 2091 Tomum,
1741 1978 2043 2115 caeterosque.

338 2143 421 2225 Sed
460 2142 567 2227 ultra
603 2148 764 2227 Lenem
801 2151 972 2256 ejusque
1007 2141 1270 2225 collaterales
1306 2138 1480 2245 fluvios,
1521 2162 1567 2225 et
1600 2170 1773 2228 omnem
1813 2149 2043 2241 Oceanum

330 2294 613 2396 orientalem,
658 2293 788 2410 inque
819 2290 1114 2381 Camtschatca
1140 2293 1369 2406 ignoratur.
1427 2298 1478 2376 ln
1508 2293 1635 2380 Cama
1666 2296 1802 2381 fluvio
1828 2307 2042 2419 superiori

329 2475 472 2560 nuper
499 2446 718 2560 apparuit,
742 2445 1006 2531 ‚adventitius
1029 2477 1101 2559 err
1121 2447 1274 2564 alpinis
1302 2445 1440 2534 fluviis
1467 2452 1615 2548 Jalna,
1647 2452 1823 2555 Koswa,
1858 2457 2042 2575 aliisque

337 2591 384 2680 in
421 2597 593 2683 Caurum
634 2596 847 2683 indirecto
886 2598 1310 2684 communicantibus.
1360 2603 1479 2686 Caro
1520 2619 1677 2684 aestate
1717 2600 1962 2697 insalubris
2000 2635 2044 2701 α

333 2748 541 2833 mollusca
564 2747 775 2855 shabetur,
812 2751 975 2865 hyeme
1009 2750 1242 2861 sapidiores
1277 2774 1321 2836 et
1349 2749 1612 2838 salubriores.
1664 2751 1852 2845 Dicitur
1877 2758 2043 2901 hpeure

332 2899 408 2985 nel
434 2930 511 3016 per
538 2929 664 2986 unam
691 2900 761 2985 nel
788 2931 864 3017 per
889 2930 965 2987 sex
993 2898 1118 2986 horas
1146 2926 1291 2989 coctus
1320 2934 1455 3019 aeque
1475 2902 1666 3021 sapidus.

470 3053 652 3140 Dese-r.
703 3053 841 3145 Piscis
867 3053 1103 3170 bipedalis,
1143 3084 1218 3140 sear
1249 3055 1471 3142 librarum·
1515 3059 1909 3180 Caput-longum,
1948 3069 2042 3191 ph.

328 3234 441 3320 gne,
463 3202 697 3304 monicum,
727 3207 1131 3325 depressiusculum,
1163 3230 1301 3294 rostro
1328 3208 1580 3316 senisenni,
1609 3211 1948 3332 plagioplateo,
1979 3256 2040 3315 ro·

332 3363 535 3444 tundato.
560 3357 723 3445 senice
753 3358 1042 3477 planiusculo,
1074 3358 1275 3444 lateribus
1304 3363 1535 3462 convexis,
1562 3366 1777 3478 operculis
1809 3373 2038 3465 branchis·

328 3513 445 3595 libus
471 3508 594 3614 latis,
632 3513 782 3596 obtuso
811 3509 964 3626 angulo
992 3511 1251 3613 rotundatis,
1294 3515 1528 3599 maculosis.
1591 3517 1718 3602 lrides
1756 3519 1950 3613 inferius
1976 3560 2034 3615 ar·

326 3684 535 3778 genteae,
563 3695 685 3780 supra
716 3686 909 3765 auratae,
953 3663 1103 3747 atomis
1133 3695 1392 3778 conspersae.
1449 3669 1615 3779 Pupilla
1643 3701 1765 3754 nares
1800 3707 1954 3766 versus
1981 3682 2034 3767 el·

333 3813 495 3929 liptica.
546 3817 613 3901 Os
642 3818 850 3930 amplum„
883 3813 1068 3903 maxillis
1097 3815 1239 3900 clauso
1266 3819 1611 3933 subaequalibus,
1643 3819 1858 3911 inferiore
1883 3855 2031 3920 tamer

332 3966 626 4079 sublongiore;
665 3969 797 4052 Labie
825 3966 1024 4081 pinguia,
1061 3998 1280 4064 convexa,·
1319 3977 1476 4079 iumine
1506 3995 1720 4085 mystocea
1749 3979 1954 4097 oblongo
1980 3988 2032 4072 lr-

332 4138 521 4217 tescens,
559 4119 749 4232 margine
777 4119 976 4203 inferiore
1004 4118 1262 4203 denticulata
1291 4145 1335 4205 et
1362 4122 1536 4208 interius
1564 4125 1780 4212 uncinulis
1807 4129 2031 4223 instructa.

329 4271 510 4354 Maxilla
545 4281 730 4383 superior
762 4271 952 4357 dentium
989 4270 1281 4356 uncinatorum
1323 4273 1535 4359 minorum
1573 4276 1776 4392 utrinque
1820 4286 1937 4372 serie
1979 4288 2027 4374 ai

328 4419 592 4535 marginem,
633 4430 839 4537 majorum
880 4426 932 4509 ad
973 4425 1185 4537 palatum.;
1231 4437 1405 4536 ,inferior
1443 4428 1552 4514 serie
1593 4425 1788 4546 simplici
1832 4439 2026 4527 dentium

325 4573 621 4662 mediocrium.
688 4579 853 4689 Lingua
883 4576 1046 4692 duplici
1066 4576 1199 4660 ¹crista
1225 4579 1417 4664 dentium
1447 4603 1492 4666 et
1518 4583 1640 4693 apice
1669 4584 1884 4675 dentibus
1915 4591 2025 4678 unci·

327 4722 438 4807 natis
465 4753 565 4830 sen,
606 4727 750 4842 primo
775 4725 866 4842 pari
896 4727 1135 4813 remotiore.
1193 4731 1380 4816 Flabello
1401 4732 1664 4821 branchidis
1692 4736 1813 4844 lata,
1856 4746 2024 4861 prolixa

326 4897 354 4956 e
393 4874 576 4963 lamellis
613 4878 826 4968 undecim.
876 4881 1112 4970 Branchias
1137 4901 1179 4993 4.
1211 4882 1410 5002 parium,
1467 4886 1607 5007 longis
1635 4890 1852 4981 candidis
1888 4898 2022 4985 arisi
