4404 5902
368 414 457 506 108
1125 400 1285 484 ··.-'-·'=

364 741 369 748 Ι
496 628 672 750 Decor.
703 627 935 743 longitudo
961 592 1055 743 plus
1083 658 1209 747 quam
1237 626 1503 746 sexpedalis3
1533 576 1692 748 pondus
1720 628 1804 719 CL.
1834 629 1972 720 librar

364 782 558 870 Rostrum
600 778 920 896 cartilagineum
963 803 1149 885 acutum,
1204 781 1477 896 productum,
1539 781 1972 900 conica-semicylim

362 967 504 1061 peram,
546 936 717 1021 sinubus
744 931 933 1046 digitatis
963 933 1106 1017 multis
1133 954 1372 1048 pertusum,
1429 964 1551 1048 supra
1578 935 1762 1038 luscum,
1818 937 1963 1021 subtus

362 1084 487 1190 burn,
526 1087 697 1207 papillis
726 1066 921 1171 obsitum.
994 1088 1126 1168 Cirrlri
1154 1109 1333 1197 quatuor
1362 1089 1466 1194 (duo
1493 1106 1656 1195 tantum
1687 1087 1742 1171 D.
1772 1091 1972 1205 Georgi]

363 1234 494 1354 didit)
523 1236 907 1352 quadripollicares,
962 1230 1107 1319 medio
1135 1232 1246 1317 inter
1272 1232 1394 1320 rostri
1424 1233 1588 1350 apicem
1617 1259 1663 1320 et
1689 1238 1846 1324 oculos.
1917 1241 1972 1322 Νι

364 1385 555 1503 duplices
583 1411 816 1473 transverso
844 1385 926 1470 situ
955 1385 1009 1469 ad
1034 1384 1195 1487 oculos,
1251 1386 1447 1470 columna
1473 1387 1559 1470 lata
1586 1407 1765 1471 cutanea
1793 1387 1970 1475 distinct

365 1540 550 1661 anterior
577 1562 768 1656 apertura
796 1537 950 1640 omlis,
980 1537 1128 1637 altera,
1159 1537 1284 1649 paulo
1311 1535 1504 1636 inferior,
1537 1539 1694 1622 lunata.
1752 1540 1877 1625 Oculi
1906 1572 1972 1655 par

362 1684 434 1775 iris
460 1690 613 1806 partim
641 1689 794 1791 livida,
824 1685 979 1802 partim
1005 1684 1166 1800 pallide
1194 1680 1351 1787 aureas
1375 1688 1537 1805 pupilla
1564 1688 1797 1774 circularis.
1855 1691 1953 1776 Pori

365 1841 512 1927 ditorii
540 1864 701 1954 septem
727 1839 933 1954 pollicum
962 1836 1160 1932 distantia
1189 1840 1241 1921 ab
1270 1838 1428 1942 oculis,
1479 1842 1720 1924 membrana
1747 1840 1890 1928 media
1916 1843 1972 1928 int

364 2014 495 2107 septa.
554 1993 761 2105 Operculo
787 1987 1050 2072 branchialia
1078 1987 1228 2071 laevia.
1270 1995 1432 2073 Vertex
1460 2013 1505 2074 et
1532 1992 1643 2074 frons
1672 1991 1884 2093 declives,
1912 2028 1972 2111 paj

363 2143 417 2229 lis
446 2142 576 2227 osseis
603 2140 782 2228 stellatis
812 2137 1017 2253 asperati3
1074 2138 1218 2221 Sulcus
1246 2136 1292 2222 in
1323 2139 1463 2224 medio
1492 2140 1667 2226 vertice.
1736 2143 1799 2227 Os
1826 2146 1972 2230 ultrat

363 2293 543 2408 pollices
572 2293 870 2391 exserendum,
901 2287 1126 2371 latitudine
1153 2287 1418 2400 tripollicari‚
1450 2322 1578 2406 quum
1606 2293 1813 2378 exseritur
1841 2300 1895 2382 ad
1924 2329 1972 2383 ro

364 2441 531 2557 apicem
558 2439 779 2557 pertingit.
836 2442 1063 2563 Branchiae
1091 2456 1117 2540 4
1143 2437 1328 2550 parium,
1357 2472 1453 2528 cum
1482 2441 1627 2555 quinta
1655 2444 1866 2558 operculis
1895 2450 1972 2534 ada

362 2590 623 2706 imperfecta,
654 2591 703 2695 in
730 2620 803 2674 ore
832 2589 1037 2673 cristatae.
1079 2592 1236 2706 Corpus
1263 2589 1598 2704 cylindraceum‚
1628 2603 1880 2705 scutularum
1908 2629 1972 2685 osa

362 2774 456 2827 rum
484 2742 702 2829 ordinibus
734 2739 807 2824 vix
837 2740 1095 2855 angulatum,
1154 2772 1177 2823 a
1214 2739 1354 2854 pinnis
1392 2744 1646 2828 ventralibus
1683 2745 1823 2832 subito
1852 2751 1972 2836 adter

361 2860 466 2979 tum.
524 2895 693 2978 Scutulo
718 2922 865 3007 parum
894 2889 1129 3006 prominula
1157 2892 1336 2977 dorsalia
1370 2908 1428 2980 16.
1460 2895 1653 3007 (Stellero
1690 2905 1798 3010 ι4.),
1855 2899 1972 2987 later:

362 3043 411 3129 in
440 3043 630 3159 qualibet
656 3043 764 3127 serie
795 3055 860 3127 38.
892 3044 1079 3149 (διείῑετο
1107 3049 1216 3152 tm),
1260 3043 1465 3127 ventralia
1502 3059 1560 3130 ι3.
1590 3046 1733 3131 omnia
1764 3048 1876 3133 striis
1904 3074 1971 3138 ste

362 3218 430 3300 ta,
461 3193 665 3279 ventralia
693 3224 840 3308 parva,
898 3191 1012 3290 alba,
1068 3190 1231 3306 reliqua
1260 3223 1411 3308 gryseo
1425 3246 1439 3260 ·
1454 3193 1637 3280 cinerea.
1696 3202 1812 3283 Inter
1840 3203 1972 3288 dorsa]

362 3368 407 3431 et
433 3345 627 3431 laterales
655 3347 823 3431 ordines
851 3342 1108 3427 scutulorum
1134 3341 1321 3457 papillae
1363 3345 1667 3460 asperiusculae
1695 3349 1932 3462 plurimae,

360 3529 453 3584 rum
480 3496 744 3612 conspicuae.
815 3496 948 3580 Pinna
976 3493 1046 3578 ani
1074 3495 1228 3578 dorsali
1256 3498 1432 3611 oposita.
1505 3499 1631 3582 Color
1659 3500 1773 3584 dorsi
1800 3530 1972 3616 gryseo·

361 3677 542 3749 nereus3
587 3670 733 3731 venter
760 3645 910 3748 laevis,
942 3648 1072 3729 albus.
1130 3648 1365 3759 Longitudo
1393 3680 1417 3730 a
1445 3677 1606 3731 summo
1635 3672 1767 3734 rostro
1795 3653 1850 3737 ad
1878 3656 1972 3769 apic

362 3800 522 3886 caudae
550 3811 601 3884 δ’.
632 3803 696 3883 δ”.
728 3805 805 3882 GM.
846 3828 869 3881 a
910 3817 1044 3880 rostro
1087 3798 1140 3880 ad
1175 3795 1349 3910 pinnam
1383 3796 1495 3882 dorsi
1523 3805 1576 3903 4‘.
1606 3807 1673 3884 δ”.
1707 3808 1784 3885 0¹¹¹.
1814 3804 1868 3887 ad
1895 3804 1972 3922 pin

359 3950 596 4070 pectorales
631 3963 675 4032 ι’.
713 3964 798 4034 1011.
830 3958 907 4035 6“‘.
951 3944 1152 4032 distantia
1188 3949 1300 4034 inter
1325 3952 1558 4064 pectorales
1586 3971 1630 4033 et
1658 3952 1868 4039 ventrales
1899 3968 1950 4043 α’.

363 4117 443 4191 dm.
473 4134 497 4188 a
525 4101 728 4217 pectoral.
760 4102 883 4215 adp.
913 4097 983 4182 ani
1012 4113 1064 4185 δ’.
1092 4105 1158 4204 4¹st
1189 4118 1264 4184 om.
1298 4099 1448 4214 longit.
1478 4099 1566 4216 pin.
1598 4105 1756 4188 caudae
1792 4124 1838 4190 ι’.
1870 4110 1972 4196 014«

361 4250 713 4343 Circumferentia
741 4248 929 4366 corporis
970 4253 1024 4335 ad
1060 4251 1149 4367 pin.
1185 4252 1418 4367 pectorales
1445 4251 1625 4338 dimidia
1654 4254 1787 4340 totius
1815 4257 1972 4373 longitu

357 4386 424 4494 itis
466 4421 518 4494 δ’.
565 4416 625 4488 ,ug
672 4408 747 4487 om.
790 4404 843 4488 ad
880 4400 968 4518 pin.
1011 4404 1218 4488 ventrales
1260 4408 1311 4487 α’.
1357 4409 1416 4486 o“.
1459 4413 1537 4509 pm.
1575 4434 1687 4519 pone
1716 4437 1840 4491 anum
1870 4422 1972 4516 9“.=

360 4561 501 4673 Quam
524 4554 811 4642 delineaverat
849 4553 972 4640 amic.
1011 4553 1196 4666 Wlossof
1213 4578 1299 4641 tres
1325 4584 1422 4639 cum
1448 4553 1575 4639 tertia
1601 4579 1721 4669 parte
1748 4558 1868 4645 ulnas
1894 4562 1972 4668 lon

358 4706 557 4827 aequavit
569 4745 582 4817 3
621 4729 747 4826 caput
773 4711 978 4795 eracleae
1005 4708 1174 4814 ulnare3
1215 4708 1379 4824 pondua
1410 4720 1486 4794 260
1517 4704 1658 4793 libras.
