4404 5902
778 288 1037 344 sm
1728 292 1811 378 ror

107 480 328 568 volventia,
355 479 716 574 ecbinorrbyncbos,
755 469 1056 583 trichocepbalos
1081 505 1121 569 et
1147 499 1317 570 fasciolas
1341 505 1378 571 in
1404 501 1532 574 tabula
1556 498 1624 579 Vra
1649 500 1814 575 delinea-

102 611 181 675 sas.
238 610 385 673 Praeter
410 629 454 672 ea
479 616 585 676 extra
613 615 785 681 intestina
813 619 850 683 in
876 619 1052 686 musculis
1079 627 1179 691 etin
1205 629 1384 693 intestinis
1411 624 1518 695 simul
1542 631 1686 695 taeniae
1715 623 1814 694 haud

102 747 201 796 nro
227 728 502 817 reperiebantur
527 736 567 840 et
592 735 629 797 in
660 736 830 805 columna
865 742 1065 809 vertebrali
1098 749 1134 811 in
1167 747 1272 815 fossis
1305 755 1491 818 costarum
1517 746 1702 838 peculiare
1728 767 1812 814 ver·

101 854 228 920 mium
255 869 395 938 genus,
437 851 536 940 quod
568 875 624 920 ιι.
657 876 709 924 12.
747 857 803 929 ιδ.
846 861 961 952 ejusd.
1001 864 1149 936 tabulae
1188 870 1375 959 depictum
1412 878 1482 940 est.
1534 874 1645 938 Piscis
1672 875 1714 937 ut
1740 885 1812 936 uuo

97 972 231 1044 serbo
259 972 394 1058 dicam,
417 981 576 1040 omnium
603 982 762 1046 maxime
789 988 1016 1053 verminosus
1041 994 1109 1056 est.

313 1111 625 1196 Observationum
651 1124 787 1192 oliorum
813 1126 1049 1199 individuorum
1080 1132 1216 1224 ejusdem
1243 1133 1354 1223 speciei
1377 1136 1612 1206 dissertionibus

218 1240 292 1308 Cor
323 1239 610 1327 quadrilaterum
646 1247 850 1334 pericardio
887 1259 1059 1338 argenteo
1094 1262 1134 1322 et
1161 1261 1328 1325 inaurato
1354 1259 1545 1326 inclusum.
1599 1256 1727 1323 Pleura
1754 1275 1814 1321 ar·

96 1368 248 1455 gentes
275 1381 399 1428 versus
428 1361 575 1432 dorsum
601 1387 622 1436 e
649 1368 757 1435 viridi
784 1391 894 1438 aurea
920 1375 1217 1448 atro-violaceis
1243 1377 1471 1448 creberrimis
1497 1387 1536 1448 et
1562 1379 1810 1446 minutissimis

96 1487 261 1578 punctis
287 1486 452 1552 irrorata.
518 1492 639 1576 liepar
664 1488 825 1558 albidum
851 1491 1052 1581 trilobum,
1092 1497 1200 1565 lobus
1237 1499 1466 1587 longissimus
1503 1505 1684 1570 sinistrum
1714 1500 1811 1567 latus

92 1612 270 1693 occupat
296 1607 389 1673 alter
414 1607 674 1697 appendicibus
703 1613 819 1701 pylori
848 1617 1025 1683 incumbit
1056 1626 1095 1686 et
1128 1629 1295 1689 crenatas
1324 1643 1402 1690 oras
1423 1624 1595 1705 obtinet,
1636 1625 1803 1687 minimus

96 1730 288 1798 dextrum
317 1726 415 1794 latus
443 1739 599 1820 occupat
616 1778 628 1818 ,
666 1733 787 1802 brevis
828 1734 891 1800 sed
930 1756 1072 1805 crassus
1111 1748 1169 1809 est
1207 1749 1246 1808 et
1283 1747 1457 1832 trigonus.
1520 1743 1592 1810 Sub
1618 1741 1689 1809 hoc
1715 1743 1809 1808 latet

93 1855 224 1943 cystis
251 1848 362 1916 fellea
389 1859 499 1920 ovata
523 1854 695 1922 coerulea
722 1856 796 1922 bile
821 1859 1010 1943 gramineo
1036 1861 1141 1927 viridi
1167 1865 1325 1953 turgida.
1390 1870 1527 1932 Ductus
1554 1861 1804 1930 choledochus

104 1974 173 2042 sub
201 1970 368 2039 secundo
392 1973 533 2064 hepatis
561 1973 650 2044 lobo
676 1982 712 2044 in
749 1977 871 2045 medio
912 1988 1040 2049 ventre
1079 1984 1247 2072 pylorum
1289 1985 1498 2054 immediate
1531 2000 1646 2072 supra
1666 2003 1804 2072 appen-

100 2095 207 2166 dices
246 2094 344 2160 subit
369 2103 407 2163 et
436 2117 561 2164 versus
589 2103 777 2169 sinistrum
802 2099 900 2169 latus
926 2104 1139 2173 extenditur
1171 2105 1332 2202 ejusdem
1357 2106 1595 2197 longitudinis
1625 2125 1668 2173 ac
1693 2108 1807 2193 cystis

95 2219 220 2290 fellea
250 2218 314 2285 sed
338 2218 453 2284 viride
467 2219 575 2289 laete.

91 2363 163 2438 Ad
190 2365 362 2431 historiam
386 2351 475 2431 Gaii
500 2369 589 2434 dorso
617 2365 821 2457 eripierygio,
849 2388 901 2437 ore
926 2367 1083 2457 cimbalo,
1110 2374 1210 2440 cordo
1236 2373 1363 2465 aequali
1378 2380 1461 2460 jere,
1488 2393 1559 2442 corr
1590 2369 1681 2440 rolin
1706 2368 1806 2460 primo

238 2486 361 2577 spinoso
402 2487 592 2579 (Kabeljau
626 2489 688 2557 vel
720 2491 882 2581 Cabiljau
910 2491 1103 2582 Belgarum
1139 2496 1277 2585 (Gadus
1304 2495 1477 2564 Morrhua
1500 2499 1537 2566 Ι..
1564 2490 1688 2562 Bloch.
1716 2491 1804 2558 Tab.

238 2605 338 2698 64),
365 2609 482 2679 adbuc
509 2613 692 2679 annotabo
719 2619 935 2702 sequentia:
1641 2606 1682 2717 ¹.

206 2731 327 2798 Habui
365 2731 554 2801 edusmodi
598 2739 731 2822 piscem
773 2755 842 2801 una
880 2740 990 2806 tertia
1032 2746 1138 2827 parte
1178 2736 1292 2809 solito
1316 2741 1518 2810 breviorem
1548 2736 1672 2808 cirrbo
1698 2741 1806 2807 unico

92 2854 213 2927 brevi
242 2853 308 2920 sub
336 2865 472 2938 mento,
504 2862 691 2946 pinnarum
719 2856 960 2924 ossiculorunr
988 2883 1159 2927 numerus
1187 2885 1300 2952 paene
1327 2863 1423 2931 idem
1451 2871 1544 2948 erat,
1573 2867 1609 2929 in
1632 2861 1807 2930 anteriori

96 2978 209 3048 dorsi
244 2975 305 3062 ιδ,
346 2983 381 3044 in
409 2978 565 3046 secunda
618 2977 660 3060 6,
701 2979 746 3046 ad
773 2979 928 3047 nucbam
951 3003 1087 3048 ⁴versus
1112 2982 1244 3052 lineam
1272 2985 1463 3053 lateralem
1491 2983 1631 3050 nullum
1658 2982 1807 3072 gibbum

96 3097 292 3185 babebat,
318 3101 381 3167 sed
408 3099 568 3189 sulcum,
597 3107 727 3171 utrix
754 3123 826 3169 non
854 3126 919 3191 pro
947 3103 1091 3170 diversa
1118 3111 1241 3195 specie
1270 3104 1445 3191 habeam,
1472 3104 1518 3170 ad
1535 3108 1728 3168 ‘minimum
1754 3107 1807 3169 in·

100 3228 221 3314 signis
249 3227 407 3291 varietas
438 3232 495 3292 est
533 3231 572 3291 et
610 3226 739 3314 procul
776 3225 889 3292 dubio
926 3224 1022 3303 ille,
1063 3247 1172 3314 quem
1205 3227 1387 3295 Gesnerus
1413 3226 1438 3293 l.
1469 3246 1499 3293 c.
1530 3244 1611 3313 pag.
1639 3220 1700 3292 88.
1739 3238 1807 3290 roa

99 3345 289 3414 Molluanr
315 3345 376 3413 vel
403 3345 591 3412 Morhuam
619 3347 772 3414 alteram
805 3350 980 3413 minorem
1016 3355 1147 3434 vocat,
1188 3351 1224 3412 in
1259 3348 1410 3436 reliquis
1443 3343 1605 3437 partibus
1638 3343 1804 3416 omnibus
1871 3314 1877 3329 ⁸

101 3468 357 3538 conveniebat
382 3488 464 3534 cum
492 3472 677 3558 superiore
717 3468 895 3552 Cabliau,
930 3466 1102 3560 Wachnja
1144 3468 1232 3554 (the
1264 3469 1441 3558 Hadock)
1480 3475 1520 3535 et
1550 3465 1645 3535 torte
1680 3483 1804 3534 omnes

100 3589 204 3662 Gadi
232 3591 340 3657 medii
366 3591 514 3658 ossiculi
539 3589 809 3678 branchiostegi
835 3588 1046 3678 capitellum
1075 3590 1492 3680 duplicatumobtinet,
1519 3588 1565 3657 ad
1592 3587 1691 3677 quod
1718 3587 1807 3676 liga·

10 3760 13 3771 ·
99 3719 273 3782 mentum
299 3713 431 3798 breve,
464 3721 503 3782 ut
529 3711 619 3781 baec
645 3719 732 3781 nota
758 3714 879 3800 potius
906 3716 1075 3800 generica
1101 3713 1308 3795 Gadorum,
1336 3734 1445 3802 quam
1471 3711 1643 3803 specifica
1671 3714 1718 3777 sit

210 3835 373 3902 Eundem
406 3835 547 3905 Gadum
582 3830 748 3905 'obtinuit
781 3832 957 3901 Steilerus
998 3837 1095 3901 circa
1128 3842 1260 3902 ostium
1288 3834 1392 3901 fluvii
1417 3833 1584 3901 Itschae:
1637 3829 1805 3899 Cirrhum

101 3954 177 4026 sub
206 3964 328 4025 mento
359 3956 519 4024 habebat
552 3964 696 4028 unicum
730 3960 818 4024 coni
837 3978 894 4021 um
928 3954 1026 4023 ultra
1059 3962 1200 4023 unciam
1233 3956 1392 4045 longum.
1459 3951 1613 4020 Maxilla
1641 3957 1806 4038 superior

102 4077 282 4146 inferiore
309 4088 467 4169 quatuor
494 4080 607 4147 lineas
633 4079 798 4166 longior,
826 4078 968 4161 dentes,
999 4077 1125 4166 quales
1153 4083 1189 4143 in
1216 4078 1365 4168 reliquis
1391 4077 1513 4146 Gadis.
1567 4080 1701 4162 lingua
1726 4071 1805 4138 val·

100 4198 153 4269 de
182 4220 339 4287 magna,
365 4223 485 4270 crassa
518 4201 581 4270 sed
615 4203 745 4269 brevis.
798 4198 904 4267 Oculi
937 4199 1113 4282 maximi,
1156 4198 1468 4290 periophthalmio
1496 4202 1611 4282 tecti,
1643 4195 1805 4261 foramen

99 4321 305 4395 oculorum
331 4325 448 4391 ovale.
516 4323 770 4390 Brancbrarum
810 4329 885 4388 tres
915 4323 1084 4407 ordines,
1125 4342 1308 4388 concavae
1335 4325 1449 4411 partis
1475 4320 1592 4387 latera
1619 4320 1805 4403 utrimque

97 4445 324 4536 aequalibus
362 4447 454 4513 albis
487 4443 688 4515 tuberculis
731 4443 876 4522 obsita,
918 4453 1069 4540 quartus
1108 4440 1199 4508 ordo
1238 4443 1284 4509 ab
1316 4445 1498 4509 anteriore
1526 4440 1647 4508 saltim
1675 4437 1801 4502 latere.

95 4570 227 4658 Caput
256 4569 561 4658 plagioplateum,
591 4571 738 4635 verticis
763 4568 922 4634 medium
948 4565 1097 4632 elatum.
1149 4568 1301 4630 Dorsum
1329 4566 1573 4628 acuminatum
1600 4559 1712 4627 etad
1739 4577 1803 4623 nu·

92 4691 210 4764 ebant
242 4695 278 4755 in
306 4692 451 4777 gibbum
479 4697 721 4758 acuminatum
749 4687 897 4755 elatum.
949 4692 1079 4753 Pinnae
1104 4690 1141 4751 in
1169 4685 1276 4750 dorso
1300 4691 1404 4767 tres,
1432 4687 1593 4751 anterior
1620 4680 1804 4749 radiorum

99 4815 174 4904 13,
217 4813 352 4880 borum
377 4818 528 4885 ultimus
557 4819 621 4885 vix
646 4812 779 4881 lineam
805 4809 962 4900 longus,
1001 4817 1077 4880 tres
1103 4808 1195 4877 radii
1223 4809 1422 4877 anteriores
1447 4806 1626 4896 indivisi,
1667 4821 1805 4895 primus
