4404 5902
1027 411 1173 432 „na-una

840 568 947 676 XX.
1024 568 1356 680 GOBII.

942 858 1253 878 *-

393 1024 697 1119 observatione
725 1024 900 1139 dignum
928 1048 1003 1128 est,
1034 1047 1147 1109 certa
1175 1053 1325 1138 genera
1354 1019 1536 1110 Piscium
1562 1024 1608 1113 in
1644 1023 1931 1111 determinatis

258 1183 377 1298 aquis
407 1204 451 1265 et
481 1179 656 1263 marium
684 1176 952 1291 regionibus,
994 1173 1124 1288 inque
1153 1176 1277 1260 certis
1303 1175 1568 1277 climatibus,
1597 1177 1833 1292 specierum
1861 1208 1932 1263 nu·

259 1364 376 1421 mero
405 1331 592 1447 apprime
619 1328 843 1412 luxuriare.
914 1327 983 1411 Sic
1020 1355 1133 1410 mare
1169 1327 1363 1411 Indicum
1391 1350 1435 1411 et
1463 1329 1640 1412 australe
1669 1324 1932 1415 Chaetodon·

259 1485 372 1571 tibus
413 1504 456 1567 et
494 1480 678 1596 piscibus
718 1476 1070 1590 brancbiostegis,
1129 1508 1242 1562 mare
1280 1482 1449 1563 rubrum
1492 1476 1678 1562 Sciaenis
1713 1500 1757 1562 et
1785 1480 1932 1576 Scaris,

260 1635 616 1721 Mediterraneum
646 1632 784 1744 Sparis
813 1652 856 1712 et
882 1627 1048 1728 Labris,
1100 1626 1230 1711 maria
1257 1627 1599 1744 septentrionalia
1626 1629 1757 1713 Gadis
1785 1650 1832 1713 et
1860 1629 1932 1713 Sal

260 1785 477 1881 monibus,
531 1790 719 1865 Oceanus
762 1778 977 1864 orientalis
1015 1799 1156 1862 noster
1184 1778 1321 1864 Cottis
1350 1802 1394 1863 et
1419 1779 1693 1881 Labracibus,
1748 1778 1796 1863 in
1824 1780 1932 1864 nolle

258 1957 475 2050 praeterea
504 1931 611 2015 mari
638 1930 889 2031 observatis,
948 1959 1080 2042 aquae
1106 1931 1250 2014 dulces
1278 1929 1560 2045 Cyprinorum
1588 1931 1632 2014 in
1664 1930 1851 2015 maxima
1879 1961 1933 2015 va·

259 2083 431 2182 rietate,
485 2084 673 2168 Euxinus
700 2088 855 2164 Pontus
882 2083 1054 2164 tandem
1095 2080 1243 2163 Gobiis
1269 2081 1496 2195 praecipue
1523 2082 1747 2197 pullulant.
1820 2087 1933 2166 Anut

261 2234 477 2320 conclusio
505 2235 606 2318 iude
635 2233 794 2315 valeret
819 2235 1022 2315 Naturam
1050 2260 1128 2346 per
1155 2229 1381 2344 hybridam
1407 2231 1580 2342 genesin
1611 2233 1773 2347 species
1793 2230 1933 2319 varias

260 2396 337 2469 ae?
376 2434 432 2450 -
474 2385 704 2469 Gobiorum
745 2381 926 2495 species,
982 2381 1028 2465 in
1063 2390 1195 2466 Ponto
1224 2410 1375 2494 magno
1403 2411 1577 2465 numero
1605 2383 1821 2482 viventes,
1870 2383 1933 2468 ria

261 2537 388 2623 credo
415 2563 561 2621 omnes
591 2534 644 2617 ad
673 2560 784 2615 meas
814 2561 957 2615 manus
984 2533 1251 2647 pervenisse;
1279 2533 1351 2615 sed
1380 2552 1473 2614 sunt
1501 2529 1574 2616 hic
1603 2533 1845 2649 descriptae
1863 2540 1934 2648 jau

262 2687 451 2772 siccatis
477 2711 742 2786 numerosae,
797 2704 942 2768 contra
985 2682 1210 2796 nequidem
1255 2681 1381 2767 unica
1413 2682 1636 2796 'hucusque
1663 2713 1718 2767 ex
1745 2685 1934 2770 oriental

262 2839 458 2935 Oceano,
484 2836 622 2921 Cottis
651 2836 911 2932 abundante,
938 2833 1149 2934 innotuit3
1189 2832 1311 2917 unica
1340 2833 1567 2948 Europaeis
1595 2833 1712 2948 aquis
1740 2835 1934 2950 contigit,

259 2989 479 3104 plerasque
507 2983 695 3071 Ponticis
724 2986 937 3069 addendas
969 2985 1091 3070 India
1134 3007 1178 3067 et
1218 3012 1330 3066 mare
1360 2983 1712 3067 mediterraneum
1742 2985 1934 3083 mittunt3

260 3167 398 3251 neque
426 3137 600 3222 dubium
631 3157 693 3219 est
720 3134 871 3220 multas
901 3133 1038 3219 adhuc
1067 3137 1212 3234 latere,
1240 3164 1366 3248 quum
1394 3133 1440 3217 in
1469 3135 1599 3218 lirndo
1628 3164 1829 3248 aquarum
1856 3166 1934 3221 ver·

263 3289 344 3373 sari
373 3286 455 3374 boc
486 3317 614 3402 genus
643 3287 787 3370 soleat.
840 3291 1059 3369 Nostrates
1084 3288 1332 3400 plerumque
1359 3284 1471 3368 inter
1498 3314 1596 3367 saxa
1622 3283 1807 3388 littorea,
1838 3285 1935 3371 lucis

262 3465 407 3557 operta
435 3460 579 3554 agunt,
611 3457 654 3520 et
682 3436 898 3538 manibus,
927 3435 1084 3538 hamis,
1123 3436 1363 3548 retibusque
1390 3435 1679 3548 proiectilibus
1708 3441 1934 3551 (Epervier)

259 3589 505 3708 praesertim
534 3588 771 3701 capiuntur,
815 3595 989 3698 majores
1019 3587 1184 3700 Apiciis
1213 3587 1336 3668 valde
1365 3583 1568 3698 expetiti,
1605 3616 1734 3701 quum
1764 3587 1850 3671 sint
1876 3618 1934 3670 sa·

259 3742 373 3858 pidi,
402 3741 492 3825 sine
520 3738 676 3835 aristis,
717 3739 900 3821 tenellae
929 3761 972 3823 et
1001 3739 1169 3853 sapidae
1199 3736 1356 3836 carnis,
1400 3736 1612 3820 Gadorum
1639 3736 1791 3842 instar,
1838 3740 1932 3824 licet

261 3893 451 3980 mollusci
484 3915 527 3976 et
553 3889 770 4005 putredini
799 3891 919 3973 valde
949 3888 1125 3974 obnoxii
1153 3918 1310 3972 omnes.

397 4042 668 4132 Constituunt
697 4038 823 4124 Gobii
864 4069 991 4153 genus
1027 4040 1210 4124 maxime
1246 4038 1452 4139 naturale,
1510 4058 1553 4120 et
1580 4034 1732 4122 habitu
1763 4039 1936 4126 solemni

259 4198 517 4285 distinctum.
589 4199 689 4276 Non
728 4192 859 4276 solum
901 4191 1015 4277 enim
1044 4189 1300 4276 conveniunt
1327 4186 1570 4271 charactere
1599 4190 1826 4303 generifico
1851 4202 1936 4310 pitt-

260 4384 334 4437 noe
360 4353 553 4434 centralis
580 4340 812 4444 solitariae,
843 4338 1428 4441 orbiculato-conchiformia,
1459 4341 1532 4422 sed
1560 4368 1705 4423 omnes
1734 4343 1822 4428 fere
1849 4372 1936 4460 ape·

260 4502 346 4586 cies
374 4495 558 4582 crass'tie
588 4505 751 4611 capitis,
771 4499 912 4605 forma
940 4493 1124 4608 corporis
1157 4489 1362 4604 generali,
1398 4517 1470 4574 ore
1499 4490 1685 4577 dentibus
1711 4494 1852 4606 parvis
1873 4523 1936 4579 os·

259 4653 339 4739 seis
368 4671 411 4733 et
438 4648 558 4733 labiis
587 4644 770 4747 munito,
811 4654 939 4732 oculis
968 4669 1062 4728 cute
1092 4641 1342 4741 semitectis,
1392 4647 1593 4755 operculis
1619 4642 1734 4757 pelle
1763 4644 1936 4747 adustis¹

257 4807 461 4920 spiraculo
488 4821 651 4883 tautum
682 4819 777 4882 aute
806 4797 1037 4912 pectorales
1066 4794 1214 4909 pinnas
1240 4792 1412 4895 relicto,
1461 4800 1594 4907 pinnis
1621 4789 1688 4876 his
1716 4794 1820 4909 ipsis
1847 4826 1936 4882 cat-
