4404 5902
892 305 1045 364 ·-·-=
1717 309 1801 407 ²4¹

257 512 511 600 Observatur
537 470 804 626 praesertim,
835 508 1101 628 etcopiose,
1142 505 1189 596 im
1217 505 1311 594 sinu
1337 507 1463 596 maris
1492 511 1800 602 Camtschatici

151 662 353 763 Avatscha,
388 670 558 776 ejusque
585 685 710 778 portu
738 667 809 748 SS.
838 661 955 746 Petri
982 685 1027 748 et
1052 659 1196 764 Pauli,
1238 666 1351 749 unde
1381 663 1553 779 copiosa
1581 689 1626 752 et
1651 667 1795 753 variae

151 814 420 928 magnitudinis
449 812 682 929 specimina
708 813 862 900 habeoa
932 820 1082 899 Forma
1110 812 1397 920 admirandus,
1442 839 1486 900 et
1513 817 1625 904 inter
1654 845 1801 904 omnes

151 993 370 1080 congeneres
400 988 604 1049 armatura
632 987 676 1049 et
703 968 837 1051 forma
863 965 1015 1082 capitis
1042 965 1227 1050 maxime
1257 966 1467 1052 abnormis
1495 968 1637 1084 piscis.
1855 950 1860 960 ²

254 1121 434 1203 Descr.
463 1115 698 1221 Maximus,
726 1145 853 1233 quem
881 1115 1039 1220 habeo,
1070 1116 1455 1233 novempollicaris.
1505 1123 1641 1238 Caput
1668 1122 1805 1211 maxi·

147 1293 260 1373 mum,
315 1275 458 1356 subtus
499 1269 696 1386 planum,
753 1300 875 1385 supra
900 1267 1185 1384 polymorpho
1213 1270 1387 1383 gibbum
1414 1293 1554 1358 totum·
1580 1274 1805 1362 muricato·

142 1424 319 1508 scabrum.
388 1425 591 1507 Massiliae
631 1421 924 1536 subaequales,
999 1419 1277 1526 sublabiatae,
1348 1446 1516 1509 retuso·
1531 1430 1801 1534 rotundatas,

10 1638 12 1645 .
137 1565 229 1656 rictu
263 1574 554 1677 transversali,
611 1575 797 1691 margine
836 1604 973 1660 crasso
979 1633 995 1673 ,
1020 1595 1025 1609 “
1049 1573 1134 1657 late
1175 1573 1371 1660 dentibus
1413 1545 1590 1662 acerosis
1628 1579 1803 1665 minutis

111 1741 331 1835 ‘asperat03
371 1725 558 1840 palatum
588 1726 763 1812 inerme.
820 1730 954 1811 Cirrhi
982 1721 1137 1810 minuti
1164 1747 1246 1809 tres
1276 1729 1329 1811 ad
1358 1730 1441 1813 oris
1471 1731 1641 1842 angulos
1669 1731 1801 1816 utrin-

118 1894 223 1980 que,
275 1899 319 1961 et
347 1876 476 1962 trium
504 1877 669 1992 parium
697 1883 772 1965 sub
802 1876 996 1980 maxilla,
1066 1875 1178 1960 flavi.
1236 1883 1410 1964 Lamina
1437 1880 1795 1994 supramaxillaris

108 2020 308 2115 deorsum
334 2028 547 2144 prominet
573 2034 834 2144 processibus
859 2027 973 2113 binis
1001 2027 1335 2143 divergentibus,
1371 2033 1700 2146 plano-comicis
1727 2037 1800 2117 ob·

97 2181 364 2266 tusinsculis.
421 2184 571 2265 Acalei
599 2212 719 2296 supra
747 2181 1009 2283 maxillares,
1038 2179 1233 2295 proxime
1262 2204 1358 2264 ante
1386 2182 1563 2286 orbitas,
1591 2182 1682 2268 basi
1712 2211 1815 2268 mut

91 2320 246 2417 ficato
275 2331 435 2429 scabri,
475 2329 522 2414 in
552 2333 801 2447 quibusdam
828 2333 945 2416 velut
973 2331 1156 2415 exostosi
1185 2333 1311 2417 aucti.
1368 2336 1490 2421 Oculi
1518 2336 1688 2449 magni;
1731 2344 1799 2419 iri,

84 2471 192 2569 des
216 2486 377 2580 fulvae,
403 2486 520 2569 fusco
534 2536 548 2549 ·
563 2484 760 2570 radiatae.
809 2485 980 2569 Orbitas
1006 2483 1052 2566 in
1081 2483 1242 2569 vertice
1270 2485 1605 2600 approximatae,
1637 2485 1797 2572 fornice

70 2632 498 2729 prominentissimo
525 2637 798 2739 scaberrimo,
831 2636 1056 2726 intervallo
1086 2660 1277 2750 angusto,
1307 2641 1474 2741 scabro,
1510 2637 1797 2750 longitudina-

66 2762 212 2871 liter
241 2816 440 2873 concavo.
512 2794 554 2874 V
550 2813 663 2876 artem
701 2820 811 2904 pone
853 2787 1013 2914 orbitas-
1053 2791 1288 2902 depressus,
1344 2792 1532 2902 oblongo
1558 2793 1795 2902 quadratus,

56 2920 220 3043 jugis
246 2939 400 3023 scabris
428 2943 580 3026 fossam
611 2945 798 3027 scabram
827 2940 1115 3056 cingentibus,
1167 2970 1278 3056 quae
1304 2941 1481 3056 posticis
1507 2940 1669 3053 angulis
1697 2972 1796 3027 con·

60 3069 327 3173 tinuantur
355 3095 562 3180 tuberibus
588 3095 704 3179 binis
729 3092 892 3177 nuchae
920 3091 1338 3205 prominentissimis,
1366 3093 1795 3206 oblongo-compres-

61 3218 154 3312 ⁸is
173 3302 192 3336 ‚
218 3243 431 3356 parallelis
462 3245 614 3331 itidem
641 3242 923 3346 scabenimis,
953 3242 1117 3358 postice
1145 3241 1446 3355 subangulatis.
1500 3244 1796 3357 Operculoram

61 3385 225 3478 Prior
250 3425 345 3509 pars
373 3399 448 3481 sub
477 3399 610 3482 oculis
639 3420 799 3482 arrecta
824 3395 872 3480 in
900 3423 1078 3481 massam
1107 3391 1675 3509 triquetro-pyramidarum,
1703 3416 1795 3479 tan·

61 3532 202 3628 tum
229 3545 442 3662 superiore
470 3522 602 3635 latere
632 3554 841 3652 scabram,
899 3543 1111 3629 exteriora
1140 3547 1295 3659 angulo
1321 3574 1443 3630 osseo
1467 3544 1518 3629 in
1540 3552 1704 3630 aculeos
1730 3544 1795 3629 bi·

64 3691 186 3774 ¹¹08
214 3700 419 3802 deflexos,
475 3701 732 3817 tertiumque
779 3702 832 3785 ad
872 3697 1025 3783 rictum
1063 3664 1259 3781 obtusum
1285 3699 1514 3811 producta,
1569 3717 1613 3780 et
1640 3698 1794 3784 eodem

66 3842 202 3932 ⁰⁸8e
227 3879 283 3932 ex
312 3850 432 3965 apice
458 3853 690 3968 pyramidis
719 3854 914 3964 elongato
941 3880 1065 3933 corna
1094 3847 1294 3967 utrinque
1318 3846 1534 3968 pollicari,
1562 3876 1722 3930 sursum
1749 3871 1795 3931 et

67 3980 342 4085 extrorsum
369 4027 559 4117 patente,
590 4004 680 4091 basi
709 4002 971 4105 biaculeato,
998 3999 1162 4116 postiae
1189 3999 1387 4084 dentibus
1414 3998 1557 4115 quinis
1583 3997 1652 4082 rel
1681 4001 1793 4083 senis

67 4115 257 4235 (rarius
287 4155 407 4238 denis
434 4178 478 4239 et
508 4155 711 4271 septenis)
739 4151 984 4240 retroversis
1011 4152 1125 4236 varie
1152 4148 1346 4252 hamato,
1381 4154 1542 4237 scabro.
1598 4151 1795 4263 Operculi

67 4254 265 4394 ¹1¹¹trina
293 4314 453 4418 postica
479 4339 608 4422 parva
637 4311 691 4392 ad
722 4310 890 4392 dorsum
918 4305 1070 4416 angulo
1098 4324 1271 4386 cutaceo
1297 4301 1543 4405 terminata,
1582 4303 1790 4387 tuberculo

66 4412 213 4539 disci
244 4455 452 4541 muricaro
480 4481 524 4542 et
550 4468 675 4573 spinis
715 4460 874 4542 duabus
913 4451 1234 4566 marginalibus,
1288 4453 1614 4567 patentissimis,
1668 4484 1791 4567 supra

67 4584 393 4690 membranam
423 4609 803 4722 branchiostegam.
875 4608 1104 4692 flabellum
1139 4607 1305 4688 bruach.
1334 4608 1420 4688 rad.
1449 4620 1488 4690 6.
1516 4602 1788 4688 tenuissimis.

71 4714 265 4874 COrpns
292 4759 435 4842 statim
467 4763 657 4876 acapite
687 4764 980 4860 adtenuaturn,
1035 4779 1167 4858 teres,
1222 4757 1354 4840 cauda
1382 4758 1554 4840 demum
1582 4784 1789 4869 compres-
