4404 5902
332 381 400 480 28
1118 390 1268 449 Β

339 595 559 705 „fraenum
585 622 717 711 usque
745 595 830 680 duo
858 585 987 679 series
1012 587 1238 706 contiguae
1269 588 1462 679 dentium
1487 589 1703 707 utrinque,
1736 593 1964 707 'quemme

341 744 548 854 „seriores
572 746 739 853 conici,
767 743 932 850 canini,
962 742 1185 830 interiores
1214 744 1415 850 molares,
1443 743 1641 861 capitulis
1668 774 1746 861 per
1770 743 1964 862 symphy:

340 896 549 1002 „innatis,
576 899 801 1003 convexis,
831 895 976 983 medio
1004 919 1125 983 acute
1154 896 1435 1002 umbilicatis,
1471 894 1763 982 secedentibus
1792 895 1964 1000 (Arche

341 1079 427 1163 „pa
455 1051 707 1162 Bujenitoe).
760 1053 924 1164 Lingua
950 1078 1120 1163 magna,
1159 1079 1319 1155 crassa,
1366 1050 1481 1154 alba,
1519 1049 1708 1134 fraenulo
1735 1045 1921 1162 alligata.

338 1200 459 1304 „imo
484 1201 630 1317 palato
656 1201 866 1289 tubercfflu
895 1203 979 1286 duo
1006 1230 1135 1306 ossea,
1165 1200 1318 1316 quibus
1343 1199 1538 1319 opposita
1564 1231 1663 1285 eree
1689 1227 1808 1284 ossea
1834 1201 1889 1318 ad
1917 1230 1962 1284 rs

340 1381 468 1460 „cem
494 1351 678 1469 linguae.
732 1356 865 1440 Nares
892 1351 1088 1468 utrinque
1116 1351 1353 1470 simplices,
1383 1355 1614 1456 tubulosae,
1644 1349 1840 1436 laterales
1866 1351 1914 1436 in
1941 1381 1964 1437 u

339 1504 445 1612 „dia
471 1503 582 1591 inter
608 1536 654 1591 os
680 1527 728 1590 et
756 1505 899 1591 oculos
928 1502 1141 1592 distantia.
1212 1505 1337 1591 Oculi
1363 1533 1498 1622 paene
1526 1501 1570 1589 in
1601 1500 1783 1608 vertice,
1837 1531 1964 1619 super

339 1679 468 1761 „cute
495 1687 626 1774 usqne
656 1658 710 1742 ad
735 1655 868 1744 irides
894 1656 1118 1773 adoperti3
1166 1657 1293 1744 uides
1321 1655 1494 1742 lividae.
1559 1656 1771 1772 operculo
1805 1653 1964 1742 brauch

340 1840 464 1914 „rum
493 1839 704 1910 convexa,
758 1833 856 1896 cute
883 1839 1020 1894 crassa
1057 1808 1245 1924 undique
1275 1812 1448 1915 adnata,
1505 1831 1553 1894 ut
1577 1830 1624 1892 et
1648 1808 1886 1894 menbrana
1914 1809 1964 1895 br

338 1965 599 2075 „chiostega‚
641 1963 832 2078 quinque
860 1962 1089 2047 lamellata.
1158 1965 1367 2080 Aperturo
1394 1959 1690 2049 branclriarum
1716 1959 1927 2065 lateralis,

339 2133 480 2216 „nata
511 2117 670 2230 Corpus
698 2112 975 2229 alepidotum,
1001 2133 1139 2197 toturn
1164 2135 1262 2198 cute
1291 2144 1437 2217 crassa,
1464 2111 1588 2198 molli
1607 2113 1858 2216 obductum,
1885 2133 1964 2198 ant

338 2261 674 2369 „ventricosum
724 2287 857 2367 teres,
914 2292 1026 2379 pone
1057 2295 1180 2350 anum
1209 2293 1514 2380 compressum,
1567 2265 1853 2349 antennarum.
1910 2267 1964 2351 Ar

338 2411 686 2529 ,‚inuequ²libris,
727 2437 919 2500 ventrem
947 2413 1262 2531 prominentem
1287 2417 1536 2522 terminans,
1586 2413 1789 2500 latissime
1815 2415 1964 2530 ptumi]

338 2566 435 2674 „lus
463 2590 508 2653 et
534 2566 833 2685 amplissimus,
881 2589 931 2652 ut
957 2589 1043 2652 tres
1070 2568 1198 2653 facile
1225 2576 1391 2683 junctos
1419 2567 1575 2682 digitos
1602 2565 1773 2654 ins-eras.
1830 2571 1958 2656 Color

338 2718 495 2826 „dorso
521 2721 681 2826 fuscus,
720 2717 921 2806 lateribus
947 2721 1040 2805 rufo
1067 2719 1267 2835 luteoque
1294 2717 1341 2804 in
1370 2722 1509 2840 mpite
1537 2720 1667 2809 etiam
1695 2722 1964 2808 fusto-nebu

338 2900 459 2980 „sus,
502 2875 646 2958 subtus
685 2871 968 2957 rulo-luteus.
1037 2869 1170 2956 Linea
1208 2870 1393 2957 lateralia
1419 2877 1535 2962 nulla
1563 2873 1803 2990 conspicua.
1871 2874 1964 2960 Pus

339 3024 549 3131 „molles,
579 3023 708 3110 radiis
734 3019 1047 3138 cartilagineis,
1102 3031 1336 3142 pectorales
1360 3023 1611 3134 latissimae,
1641 3026 1907 3134 rotundatas,
1936 3058 1964 3114 ru

336 3210 436 3282 „nu
491 3178 685 3264 Dorsalis
711 3175 944 3273 lutescens,
985 3176 1103 3262 fuson
1129 3176 1380 3293 marginata,
1430 3210 1516 3266 non
1543 3180 1669 3294 longe
1698 3209 1722 3261 a
1750 3175 1892 3295 capite
1920 3176 1964 3265 in

335 3328 501 3445 „piens
532 3329 586 3415 ad
613 3329 790 3415 caudam
817 3329 906 3413 sere
935 3357 1067 3445 usque
1093 3328 1307 3429 continua,
1335 3331 1525 3447 margine
1553 3331 1769 3436 undulato,
1799 3329 1930 3416 radiis
1959 3349 1964 3412 t

335 3489 414 3586 „P.
442 3491 514 3568 arri
542 3480 749 3599 aequalis,
806 3481 860 3565 ad
888 3481 1065 3566 caudam
1093 3479 1168 3566 vix
1195 3512 1281 3568 non
1316 3483 1582 3601 pertingens,
1639 3481 1774 3568 dilute
1801 3481 1964 3569 lutesce

336 3632 496 3740 „radiis
526 3649 593 3740 64.
651 3634 821 3720 caudas
846 3630 978 3747 pinna
1004 3635 1248 3739 rotundatu,
1303 3634 1556 3739 minuscula,
1614 3637 1704 3721 rad.
1740 3670 1801 3746 ¹7·
1858 3637 1964 3749 Loug

336 3785 499 3896 „meat
525 3791 661 3900 engi.)
692 3789 741 3870 α’.
771 3797 829 3868 α”.
860 3795 926 3867 ο”’.
953 3783 1107 3900 capitis
1132 3814 1229 3871 cum
1258 3787 1461 3902 operculo
1488 3792 1566 3874 rr‘'.
1595 3788 1650 3872 ad
1677 3785 1861 3872 nucham
1875 3792 1964 3900 7⁴22

332 3940 626 4044 „Venturum
651 3933 802 4052 longit.
821 3946 891 4047 θ’.
918 3964 995 4052 per
1037 3935 1326 4053 oesophagum
1363 3939 1488 4026 facile
1521 3960 1700 4056 quatuor
1726 3945 1891 4054 junctos
1918 3938 1964 4025 di

332 4110 428 4195 „tos
456 4087 712 4190 admittens,
749 4118 930 4189 crassus,
968 4073 1247 4196 musculosus,
1294 4089 1407 4176 inter
1437 4093 1541 4178 duos
1569 4091 1738 4210 hepatis
1764 4093 1886 4178 lobos
1912 4122 1964 4209 ps

329 4264 441 4346 „tus
497 4247 577 4328 Par
601 4272 757 4355 ongum
782 4271 994 4328 navorum
1023 4237 1201 4357 pulchre
1229 4242 1530 4358 conspicuum,
1574 4277 1697 4363 supra
1724 4274 1893 4330 saccum
1920 4272 1964 4330 ut

329 4391 504 4499 „triculi
543 4414 723 4508 quatuor
759 4397 886 4478 ramis
925 4393 1183 4510 dispergitur
1220 4417 1264 4481 et
1305 4392 1509 4483 adhaeret
1551 4400 1820 4483 membranae
1861 4424 1964 4513 angr

330 4542 517 4649 „dorsali
544 4547 762 4650 obtensae,
819 4575 926 4661 quae
966 4547 1109 4634 locum
1148 4546 1314 4634 vesicae
1355 4547 1547 4635 anemiae
1575 4551 1756 4667 supplet.
1819 4552 1964 4635 lruestr‘

337 4695 646 4803 ‚,mesenrerio,
681 4719 729 4783 ut
756 4695 804 4782 in
832 4698 1191 4815 quadrupedibus,
1235 4703 1419 4807 adnexa,
1462 4704 1576 4818 quod
1603 4703 1733 4788 multa
1762 4698 1964 4818 pinguedi

330 4849 572 4961 „abundat,
626 4847 860 4938 intertexta
898 4859 1010 4942 umis
1050 4860 1305 4973 sanguineis,
1362 4877 1408 4942 et
1450 4853 1545 4944 aliis
1572 4861 1737 4963 lacteis,
1795 4855 1964 4973 sanguis
