4404 5902
269 362 364 455 aaa·
1037 365 1190 435 Ἰ-

271 579 411 697 Volga
437 605 576 699 neque
601 581 719 695 laico
745 571 895 691 notus,
923 603 1004 663 nec
1031 573 1117 703 nisi
1141 570 1353 662 solitarius
1379 571 1430 663 in
1455 571 1563 663 retia
1589 569 1759 663 incidit.
1816 580 1962 669 Verso

272 753 463 847 tempore
489 726 749 846 frequentius
777 756 802 812 e
829 726 1005 844 pontico
1032 725 1138 812 mari
1170 724 1217 811 in
1244 723 1344 809 satis
1373 723 1520 811 dissue
1546 727 1858 815 collateralium
1887 736 1964 817 flu·

276 880 469 985 riorum,
496 876 848 997 praesertim⁴per
875 877 1118 993 Hypanim,
1160 875 1403 979 adscendit,
1444 894 1592 993 estque
1619 876 1732 963 inter
1757 901 1962 969 aeuuma·

271 1029 458 1117 tissimus
488 1029 770 1116 fluviatilium.
829 1034 879 1112 In
907 1026 1014 1113 mari
1046 1024 1189 1141 caspio
1220 1024 1539 1140 prolificationia
1578 1025 1741 1119 vernali
1767 1049 1961 1149 tempore

269 1177 317 1264 in
349 1181 490 1297 capita
515 1181 794 1295 omnibusque
820 1176 1003 1293 squamis
1029 1175 1256 1271 tuberculis
1284 1174 1391 1263 albis
1416 1178 1607 1263 obsessus
1632 1197 1717 1281 est,
1756 1208 1869 1293 quaa
1896 1210 1960 1267 ae·

268 1352 379 1420 state
405 1354 598 1447 pereunt.
653 1337 729 1416 Est
755 1329 900 1443 itaque
928 1333 1074 1442 Pygus
1103 1349 1332 1426 auctorum,
1360 1328 1414 1413 de
1443 1357 1528 1441 quo
1552 1333 1640 1443 jam
1665 1329 1956 1445 Pliniur(⁸).

269 1480 382 1567 Hinc
408 1480 541 1568 etiam
567 1480 653 1568 huc
680 1481 921 1567 referendus
949 1476 1163 1593 Cephalus
1191 1480 1308 1567 Com
1340 1479 1521 1577 Marailii¹
1539 1478 1726 1587 (Danub.
1740 1482 1817 1565 IV.
1836 1514 1881 1599 p.
1898 1517 1955 1567 rr.

271 1631 357 1716 tab.
386 1649 427 1736 4.
447 1636 532 1746 fig.
567 1641 653 1743 r.),
696 1632 750 1714 de
778 1659 862 1745 quo
890 1628 967 1712 ille
994 1628 1146 1711 refert:
1208 1622 1378 1741 suptili
1418 1646 1463 1709 et
1489 1631 1632 1740 Mujo²
1673 1629 1778 1715 dum
1806 1630 1949 1747 gignit,

269 1810 469 1907 „remeas
497 1810 622 1899 cavas
655 1781 771 1867 albas
806 1777 981 1897 sparsim
1016 1777 1184 1883 enasci,
1219 1807 1323 1896 quas
1361 1798 1508 1897 postea
1542 1776 1741 1893 deperdit
1768 1799 1948 1871 omnea‘.

267 1931 466 2021 Verrucis
497 1932 681 2021 obsitum
708 1929 914 2047 exprimit
938 1934 1050 2015 laon.

404 2086 584 2171 Descr.
639 2082 887 2195 Magnitudo
922 2076 1228 2199 sesquipedalia
1265 2103 1310 2169 et
1333 2078 1545 2197 bipedalis
1556 2140 1572 2184 ,
1610 2079 1702 2169 imo
1728 2110 1858 2198 saepe
1883 2081 1944 2167 tri·

267 2232 459 2347 pedalis,
480 2245 624 2344 forma
650 2232 737 2317 fere
766 2234 878 2335 ora,
907 2229 1116 2344 oblonga,
1146 2263 1302 2338 crassa,
1340 2262 1488 2347 parum
1514 2262 1755 2348 compressa
1769 2295 1787 2338 „
1827 2232 1943 2347 magis

268 2370 413 2468 uersus
441 2388 646 2487 caudam,
675 2387 799 2470 dorso
827 2410 969 2467 versus
995 2381 1170 2495 pinnam
1196 2382 1405 2483 dorsalem
1432 2404 1670 2496 assurgente
1698 2404 1747 2467 et
1773 2384 1939 2471 subcari·

264 2554 380 2620 nato.
437 2537 574 2649 Caput
616 2533 840 2635 conicum,
883 2560 1065 2617 crassum
1074 2590 1089 2632 ,
1129 2553 1293 2618 tantum
1331 2534 1385 2629 aa
1421 2534 1619 2647 opercula
1652 2562 1937 2649 compressum,

268 2683 427 2773 vertice
455 2686 569 2785 laro3
597 2705 775 2773 rastrum
800 2679 1138 2785 obtusissimam,
1167 2682 1296 2767 breve
1308 2742 1322 2783 ,
1350 2710 1443 2783 osse
1464 2658 1641 2796 ¹gemino
1668 2682 1838 2788 lunato,
1867 2714 1935 2771 nro

263 2832 348 2918 bili
373 2855 594 2938 constans,
635 2854 731 2921 cute
758 2828 1134 2947 parenchymatosa
1160 2851 1335 2919 tectum.
1357 2810 1368 2833 ⁰
1391 2833 1453 2935 Os
1478 2831 1662 2917 inferum
1673 2893 1690 2933 ,
1740 2831 1935 2932 lunatum

264 2983 381 3067 labia
408 3011 595 3071 crassae
623 2982 742 3073 corio
767 2979 893 3069 molli
919 2979 1140 3095 laevique,
1180 2992 1364 3095 superius
1391 2986 1468 3069 sub
1494 3004 1628 3070 rostro
1654 2983 1756 3069 laxe
1783 2986 1932 3101 ragine-

267 3153 371 3234 tmn,
399 3134 455 3219 ad
484 3131 797 3249 semipullicem
825 3133 1017 3217 deorsum
1044 3131 1299 3247 productile,
1323 3141 1543 3235 maxillm
1569 3134 1801 3237 inferiorem
1819 3135 1930 3221 multo

263 3278 504 3367 breviorem
531 3285 629 3373 laxe
656 3281 890 3398 recipiens,
933 3280 1096 3394 angulis
1123 3279 1250 3365 rictus
1278 3279 1399 3365 molli
1426 3301 1523 3365 cute
1551 3284 1766 3398 pendulis.
1820 3286 1929 3369 Nara

265 3432 413 3518 medio
441 3433 554 3518 inter
578 3464 627 3519 os
653 3457 698 3520 et
723 3434 890 3534 acidos,
917 3433 1164 3546 depressae,
1192 3451 1383 3544 apertura
1409 3429 1607 3543 gemina,
1637 3463 1812 3546 quarum
1840 3455 1929 3521 anu·

257 3591 342 3668 rior
369 3582 522 3701 minor,
548 3582 662 3697 plica
686 3584 1000 3669 subconniveua
1027 3602 1071 3669 et
1093 3585 1261 3665 vulvula
1279 3579 1518 3694 prominula
1530 3579 1696 3696 utrique
1711 3582 1921 3697 interjecta,

260 3728 524 3844 prominula,
568 3733 800 3847 marginata
838 3731 1050 3833 clauailis,
1101 3738 1298 3843 posterior
1336 3731 1501 3845 ampla,
1544 3734 1748 3838 rotunda,
1791 3734 1923 3850 patula

260 3880 384 3965 Oculi
404 3880 651 3980 mediocres,
680 3879 1045 3996 periopbthalnrio
1074 3882 1172 3964 laxo
1200 3878 1360 3963 orbitae
1389 3878 1591 3984 immersi,
1620 3868 1725 3969 iride
1753 3908 1923 3999 urgenter

259 4059 383 4143 supra
410 4031 578 4142 punctis
607 4032 708 4119 raris
736 4031 862 4116 luscis
891 4031 1077 4119 irrorata.
1107 4031 1313 4146 Opercula
1339 4029 1632 4117 branchiarum
1654 4033 1796 4149 plana,
1816 4062 1920 4129 ossea.

309 4320 367 4408 (⁸)
395 4320 471 4388 ain.
500 4335 567 4389 nar.
597 4321 650 4390 lib.
677 4318 749 4391 IX.
780 4344 849 4413 cap.
877 4343 929 4412 32·
984 4326 1092 4392 “Due
1117 4323 1219 4388 lacus
1244 4320 1372 4388 Italiae
1396 4325 1433 4389 in
1467 4319 1647 4388 radicibus
1678 4322 1842 4415 alpium,
1873 4325 1919 4387 la·

406 4443 510 4527 „rins
536 4446 574 4507 et
598 4443 786 4511 Verbanus
813 4443 1072 4531 appellantur,
1112 4449 1146 4508 in
1182 4443 1311 4531 quibus
1343 4446 1459 4530 pisces
1492 4441 1659 4508 omnibus
1690 4450 1793 4512 annia
1818 4442 1921 4527 vergi·

406 4560 567 4646 „liuram
608 4571 744 4630 exortu
784 4569 948 4628 existunt
988 4567 1145 4651 squamis
1184 4566 1369 4650 conspicui
1407 4561 1542 4629 crebris
1578 4567 1691 4649 atque
1726 4562 1920 4652 praesectis,

414 4679 635 4764 „clarorum
669 4681 884 4769 caligarium
918 4682 1061 4772 effigie,
1099 4702 1168 4749 ure
1200 4681 1353 4770 emplius
1384 4685 1625 4770 quarnrirea
1654 4681 1759 4749 illum
1786 4696 1922 4751 mensur

403 4803 655 4888 ‚,visuutur.“¹
1586 4796 1593 4815 '
