4404 5902
398 384 457 488 5-6
1171 407 1320 461 ==

498 606 748 697 iettonibus
776 604 993 693 Glandens.
1052 600 1297 719 Georgianis
1325 561 1517 690 Ankrina.

535 770 586 846 In
614 760 731 848 omni
761 756 929 863 Rossia,
991 778 1079 841 tam
1110 756 1293 862 boreali,
1334 788 1460 872 quam
1487 778 1737 873 temperata,
1757 884 1763 895 Ι
1787 789 1868 847 nec
1901 793 1987 850 non
2011 796 2095 884 per

396 914 649 1017 Caucasum,
681 913 729 998 in
753 912 982 1025 Georgiam
1010 939 1162 1025 usque,
1192 909 1291 995 satis
1319 911 1515 1024 frequens
1541 907 1803 1014 observatur,
1834 914 2011 1003 minime
2039 921 2090 1006 in

398 1064 567 1152 sibiria.
638 1067 801 1181 Corpus
842 1066 953 1180 pede
999 1093 1189 1180 pressum
1226 1084 1378 1178 sponte
1419 1059 1575 1147 dissilit
1609 1064 1878 1149 transversim
1906 1066 1953 1152 in
1983 1072 2094 1188 frag·

398 1241 539 1302 menta
568 1217 763 1335 plurima.

533 1371 649 1456 Not.
702 1373 906 1487 squamae
946 1367 1236 1453 abdominales
1282 1383 1371 1457 135.
1410 1372 1465 1455 ad
1511 1388 1599 1476 ¹4⁰·
1642 1371 1801 1454 caudae
1839 1371 2093 1489 plerumque

397 1520 591 1608 totidem.
648 1529 760 1607 Raro
788 1520 916 1635 digiti
944 1520 1113 1604 minimi
1142 1517 1375 1606 crassitiem
1402 1543 1565 1637 aequat.
1630 1524 1784 1607 Dentes
1810 1521 1919 1607 nulli
1944 1522 1992 1609 in
2019 1558 2092 1642 pa·

396 1673 510 1777 lat03
572 1673 751 1778 minuti,
815 1673 1014 1759 reclinati
1039 1675 1087 1758 in
1116 1672 1305 1786 margine
1346 1671 1562 1789 utriusque
1597 1672 1813 1760 maxillae.
1896 1674 2096 1763 Varietas

395 1824 610 1912 caucasica
636 1825 683 1910 in
713 1828 836 1911 dorso
863 1824 1269 1930 virescenti-lutea,
1299 1824 1427 1940 striga
1455 1825 1611 1940 spinuli
1641 1827 1778 1931 fusca,
1817 1827 2018 1913 lateribus
2048 1851 2098 1916 et

281 2000 286 2009 ·
397 1980 540 2063 subtus
568 1978 772 2094 plumbeo
817 1980 944 2063 fusca.
1014 1976 1213 2064 Occurrit
1248 2007 1372 2092 saepe
1414 1979 1548 2063 cauda
1586 1977 1853 2085 brevissima,
1908 1979 2097 2084 mutica3

395 2132 629 2245 cademque
658 2127 902 2215 renascitur.
976 2127 1198 2240 Fragilitas
1234 2159 1258 2211 a
1300 2129 1501 2243 singulari
1529 2130 1842 2215 construetione
1871 2153 1914 2216 et
1941 2134 2098 2219 coarti-

395 2280 608 2368 cuiatione
636 2279 856 2366 levissima
885 2283 1174 2366 vertebramm
1202 2282 1358 2366 caudae
1385 2284 1560 2398 pendet.
1621 2284 1765 2369 Palma
1795 2283 1985 2391 linearis,
2029 2284 2098 2373 bi·

393 2430 585 2552 partitus.
648 2433 932 2519 Peritonaeum
958 2433 1140 2546 nigrum.

824 2718 1655 2778 m

1035 2950 1446 3061 onnon

709 3260 1778 3418 SPIRACULATA·

1035 3615 1450 3661 -ου-ι-

535 3835 661 3949 'Hunc
692 3832 900 3919 Ordinem
929 3833 1027 3918 satis
1056 3832 1342 3920 determinant
1378 3836 1595 3948 spiracula
1622 3838 1816 3920 lateralia
1845 3834 1999 3919 abore
2028 3864 2099 3921 re·

404 4005 543 4084 mota,
613 3971 785 4105 quibus·
812 3983 1080 4102 respiratoria
1120 4016 1275 4099 organa
1315 4015 1470 4100 aquam
1510 3997 1605 4069 aere
1643 3983 1823 4069 mixtam
1863 3982 2097 4100 recipiunt.

402 4141 538 4223 Pauca
567 4168 721 4254 genera
748 4136 830 4224 hac
857 4160 1061 4223 structura
1088 4138 1296 4252 gaudent,
1325 4134 1462 4251 iisque
1491 4136 1732 4224 communia
1759 4160 1882 4222 sunt:
1912 4144 2100 4223 sceleton

401 4290 751 4404 cartilagineum3
779 4323 858 4379 ova
887 4290 1036 4376 vitello
1063 4287 1266 4391 inaucta,
1293 4294 1476 4400 genitale
1505 4289 1692 4404 duplex3
1732 4299 1916 4378 carnium
1939 4311 2099 4374 natura

402 4464 449 4528 et
474 4443 694 4557 specificas
720 4446 823 4529 odor
850 4476 875 4528 a
901 4442 1138 4559 pisculento
1165 4437 1379 4554 sequentis
1407 4437 1567 4524 ordinis
1596 4441 1799 4539 diversus·
1827 4472 2102 4559 squamarum

405 4595 620 4693 defectus,
674 4595 831 4712 pinnae
860 4590 1410 4704 emiseno-cartilaginem,
1467 4590 1622 4706 quibus
1650 4614 1794 4679 tamen
1821 4589 2104 4680 Branchiato·

405 4775 500 4832 rum
526 4746 646 4861 plura
673 4778 828 4865 genera
856 4745 1129 4834 conveniunt.
