4404 5902
1015 305 1165 367 m
1850 315 1937 398 rr9

246 496 419 588 Gaudos
443 492 575 614 pinna
601 494 775 614 exigua,
802 495 867 585 uti
893 501 1150 617 pectorales,
1190 503 1339 589 dacem
1365 499 1541 591 radiata.
1583 507 1669 601 ‚Ad
1698 508 1822 593 anum
1851 519 1940 625 pin·

247 659 346 738 aula
387 648 581 752 minima,
639 648 767 735 radiis
806 644 941 734 haud*
963 649 1218 767 conspicuis.
1288 655 1524 766 Laugitudo
1551 675 1643 740 tota
1670 659 1724 742 ad
1757 666 1839 744 10⁰.
1867 667 1938 764 4⁰2

247 797 400 916 capitis
428 805 483 888 ad
505 802 802 917 opercularum
841 830 958 888 oram
1004 803 1055 889 1¹2
1097 807 1184 901 dim.
1231 805 1449 917 (adeoque
1489 827 1608 891 sexta
1645 805 1815 894 circiter
1842 841 1939 924 pars

248 951 524 1073 longitudinis
551 954 700 1066 totius)
728 950 852 1036 rostri
880 955 931 1041 ab
960 952 1094 1040 oculis
1131 957 1184 1039 1''.
1221 953 1281 1042 1“.
1352 953 1608 1042 Abdominis
1641 989 1665 1043 a
1699 958 1793 1044 sinu
1820 988 1941 1076 oper·

249 1105 437 1189 culorum
466 1109 673 1192 adanam
701 1106 757 1191 δ”.
788 1103 854 1190 3’”.
885 1103 1024 1218 partis
1053 1102 1191 1191 fissilis
1228 1130 1273 1193 et
1306 1105 1539 1194 dilatabilis
1578 1111 1736 1199 caudae
1772 1114 1830 1198 δ”.
1869 1109 1938 1198 dm.

251 1253 431 1341 latitudo
457 1255 613 1371 pinnae
642 1255 756 1343 dorsi
788 1259 839 1341 1‘'.
872 1261 940 1345 am.

383 1409 430 1490 N
435 1427 500 1514 at.
554 1404 750 1492 Proxime
777 1437 874 1493 cum
901 1411 942 1493 S.
968 1404 1165 1526 pelagico
1194 1407 1416 1512 convenit,
1466 1412 1540 1495 ssd
1568 1408 1678 1496 mihi
1707 1410 1848 1529 specie
1878 1410 1955 1499 die

256 1575 392 1644 'tersus
419 1557 601 1645 videtur.
676 1550 936 1674 Comparent
976 1556 1066 1645 alii.
1129 1560 1263 1646 Viros
1290 1562 1426 1647 foetus
1453 1561 1501 1646 in
1527 1562 1666 1648 canali
1694 1561 1941 1651 subcaudali

257 1711 379 1795 lavet.
439 1712 598 1796 Ouarla
623 1712 708 1794 duo
734 1706 1036 1827 forciminalia,
1077 1707 1168 1799 ovis
1196 1709 1343 1816 luteis,
1393 1713 1517 1799 milio
1544 1689 1758 1805 mundam
1774 1711 1941 1828 majori·

259 1861 326 1947 bus
352 1863 523 1947 referta.
577 1857 779 1974 >corporis
807 1835 964 1947 loricae
987 1882 1235 1949 constanter
1268 1877 1330 1949 18·
1358 1828 1517 1949 caudae
1546 1880 1613 1953 33.

530 2031 611 2141 93.
672 2019 1238 2117 SYNGNATHUS
1310 2027 1656 2138 variegatus.
1804 2123 1805 2127 g

392 2166 436 2248 S.
464 2164 605 2280 pinnis
636 2162 940 2278 pectoralibus,
970 2163 1126 2250 dorsali
1153 2165 1394 2281 caudaeque
1421 2164 1618 2264 redistis,
1647 2163 1718 2253 ani
1746 2161 1937 2269 minima,

262 2346 430 2436 torpore
458 2315 672 2428 variegata
699 2311 953 2428 heptaddro,
984 2315 1146 2430 angulis
1174 2317 1416 2410 lateralibus
1444 2316 1608 2432 postica
1636 2315 1896 2429 interruptis.

390 2476 442 2553 ln
469 2472 603 2551 Ponto
632 2465 685 2548 ad
712 2464 892 2553 Taurica
921 2464 1066 2553 littora
1092 2466 1224 2553 rarius
1251 2467 1428 2584 capitur.

390 2624 560 2705 Dascr.
618 2620 791 2731 Semper
816 2621 1098 2733 praecedente
1127 2608 1280 2706 minor.
1343 2625 1536 2706 Rostrum
1563 2619 1706 2709 minus·
1730 2646 1937 2735 compres-

262 2803 343 2860 sum
368 2794 414 2856 et
439 2768 628 2872 brevius,
673 2789 721 2851 ut
748 2768 804 2852 sit
830 2770 927 2853 fere¹
945 2771 1126 2885 septima
1152 2804 1247 2887 pars
1273 2769 1403 2857 totins
1431 2769 1730 2884 longitudinis,
1771 2769 1937 2886 pallido

259 2926 453 3039 fuscoque
480 2921 750 3021 nebulosum,
779 2920 987 3034 operculis
1016 2926 1159 3008 subtus
1186 2923 1262 3010 vix
1291 2922 1530 3037 argentatis.
1589 2927 1748 3039 Corpus
1760 2920 1938 3037 heptat·

258 3078 393 3173 irum,
420 3081 585 3185 angulis
612 3069 846 3156 dorsalibus
872 3070 1005 3185 magis
1038 3072 1312 3173 distantibus,
1353 3071 1655 3184 argutissimis,
1694 3074 1936 3159 lateralibus

256 3222 582 3343 pliciformibus,
636 3222 690 3305 ad
716 3218 889 3310 initium
927 3221 1083 3336 pinnae
1125 3222 1300 3308 dorsalis
1325 3253 1350 3306 e
1376 3222 1550 3336 regione
1577 3205 1647 3306 ani
1675 3220 1937 3336 interruptis,

257 3397 394 3462 tamen
424 3377 562 3461 denuo
589 3370 843 3458 continuatis
873 3394 918 3455 et
944 3375 997 3456 ad
1024 3370 1239 3487 posticum
1267 3373 1422 3489 pinnae
1459 3372 1707 3478 terminum,
1763 3398 1938 3458 conver·

261 3530 393 3644 gando
421 3557 519 3628 cum
547 3521 799 3628 dorsalibus,
840 3520 995 3622 unitis;
1050 3524 1332 3612 abdominales
1358 3525 1503 3638 anguli
1530 3521 1817 3639 obtusanguli,
1831 3529 1938 3609 me·

263 3681 346 3767 dius
374 3710 500 3765 anum
526 3673 785 3762 terminatus.
840 3673 952 3762 Hinc
978 3678 1115 3762 cauda
1143 3675 1293 3763 itidem
1322 3680 1532 3763 tetracdra
1558 3675 1829 3788 planilatera,
1873 3674 1936 3760 in·

266 3831 343 3918 lero
369 3834 505 3915 latere
531 3827 704 3926 latiore,
743 3828 818 3912 sed
845 3826 936 3912 basi
950 3825 1190 3936 ‘hexaedra
1261 3832 1385 3914 Color
1412 3830 1536 3912 dorso
1566 3852 1756 3938 gryseus,
1795 3823 1938 3911 lateri·

267 3981 332 4068 bus
357 3980 563 4099 pallidus,
592 3983 742 4088 fasciis
771 3944 918 4089 (usque
935 3961 992 4060 'iri
1020 3948 1216 4090 caudam)
1244 3976 1489 4062 transversis
1516 3974 1666 4088 nigris,
1716 4003 1793 4088 per
1819 3975 1936 4089 paria

273 4130 556 4248 ipproximatis
582 4150 627 4216 et
650 4125 698 4211 in
726 4129 850 4212 dorso
877 4125 1027 4232 unitis,
1055 4130 1197 4212 subtus
1224 4150 1360 4214 totum
1389 4112 1546 4212 albuin.
1600 4127 1732 4226 Plana
1762 4123 1938 4223 dorsalis

277 4284 385 4370 radiis
413 4297 481 4369 36.
509 4312 632 4397 supra
660 4307 784 4364 anum
812 4276 1044 4394 incipiens,
1070 4277 1249 4394 pallida,
1288 4276 1452 4392 triplici
1480 4275 1589 4361 serie
1615 4273 1737 4389 nigro
1763 4294 1936 4388 puncta·

277 4446 326 4532 ts3
346 4456 389 4518 at
416 4440 635 4548 pectoralis
654 4429 851 4536 minima,
880 4429 1202 4532 decemradiata,
1232 4448 1396 4516 tantum
1424 4425 1533 4511 serie
1559 4421 1759 4539 simplici.
1799 4421 1937 4508 Pinna

283 4590 414 4674 undae
443 4589 571 4671 lusca.
625 4585 742 4665 Ante
771 4611 896 4666 anum
920 4579 1097 4696 pinnula
1123 4577 1321 4678 minima,
1349 4577 1436 4663 lere
1463 4597 1649 4663 cutacea
1691 4571 1933 4658 Loricarum

281 4752 448 4825 numerus
477 4737 523 4820 in
551 4763 724 4847 corpore
758 4733 1004 4821 18.caudae
1033 4747 1101 4821 35.
