4404 5902
342 390 439 457 ΜΟ
1114 392 1263 446 2⁸...-

338 591 536 680 tenuibus
564 589 753 709 fissisque
780 589 1042 708 longioribus
1075 623 1137 675 ιο.
1164 612 1209 677 et
1237 624 1277 698 9.
1308 587 1540 676 minoribus
1586 614 1795 685 musteus.
1850 604 1974 697 Anus
2003 610 2053 701 in

338 749 483 832 medio
512 775 714 863 corpore,
755 743 868 830 intus
897 746 1038 847 albus,
1080 771 1249 829 caesura
1276 772 1416 828 versus
1443 743 1586 861 spinas
1610 746 1781 839 effusus.
1867 762 2050 853 caudae

342 901 529 983 firmatae
557 896 668 984 radii
695 895 876 983 conferti
910 910 970 986 18.
1028 900 1155 983 Scuta
1186 916 1352 980 suturae
1377 896 1563 982 lateralis
1597 898 1705 1006 fere,
1748 904 1868 993 utin
1897 911 2048 1004 Siluro

337 1051 543 1150 carinam,
589 1050 777 1135 aculeata
804 1051 963 1135 caudae
998 1051 1085 1133 lere
1119 1047 1409 1162 quadraginta.
1476 1048 1609 1136 Piscis
1634 1050 1709 1140 hic
1736 1084 1833 1143 cum
1862 1091 2042 1177 praece·

339 1205 469 1288 dente
501 1200 633 1317 spinis
661 1201 922 1286 neutralibus
952 1225 996 1285 et
1024 1202 1183 1285 caudae
1220 1199 1420 1285 lateribus
1448 1202 1644 1288 carinatis
1672 1205 1807 1300 affinis
1834 1216 2041 1306 Gastero.

343 1354 445 1438 steis
472 1383 496 1437 e
524 1382 702 1468 quorum
728 1382 856 1439 censu
885 1340 1173 1438 Gasterosteus
1202 1357 1365 1437 Ductor
1390 1352 1566 1439 omuino
1593 1357 1648 1441 ad
1675 1361 1900 1449 Scombros
1928 1370 2044 1455 refe-

337 1510 504 1591 rendus.
562 1511 769 1593 Brancbia
797 1504 914 1620 prior
940 1504 1159 1591 Trachuro
1187 1503 1297 1591 intra
1325 1506 1466 1590 fauces
1493 1506 1619 1620 longe
1654 1510 1892 1625 pectinata,
1935 1519 2042 1607 reli.

334 1688 442 1773 quae
483 1662 701 1762 dentatae,
744 1679 789 1743 et
830 1655 1009 1742 isthmus
1051 1680 1290 1772 asperatus;
1344 1686 1467 1772 supra
1506 1655 1710 1746 isthmum
1747 1662 1795 1749 iu
1837 1668 2042 1759 faucibus

336 1812 479 1896 tubero
517 1814 601 1897 duo
643 1837 800 1925 aspera.
872 1812 1015 1925 Hepar
1052 1810 1215 1913 album,
1258 1808 1566 1914 lanceolatum,
1613 1836 1830 1929 angustum
1844 1880 1860 1918 ,
1902 1846 1951 1906 ut
1991 1848 2040 1913 et

332 1972 470 2047 vesica
498 1976 639 2067 aerea,
671 1962 747 2045 sub
773 1957 894 2076 spina
922 1964 1211 2045 vertebrarum
1239 1957 1433 2059 linearis;
1462 1990 1614 2047 cavum
1639 1964 1755 2051 e'nim
1782 1968 1873 2057 alvi
1903 2005 2040 2092 angu-

334 2111 578 2201 stissimum.
636 2115 894 2200 Ventriculus
920 2136 1130 2210 saccatust
1168 2109 1416 2198 intestinum
1443 2110 1646 2229 simplex,
1675 2117 1766 2205 siue
1794 2124 2013 2217 anfractu.

340 2388 453 2501 159.
501 2383 903 2478 SCOblBER
945 2383 1240 2505 Syptarus.
1291 2382 1421 2473 YAB.
1458 2381 1646 2477 XLVII.
1676 2382 1761 2505 fig.
1802 2416 1850 2491 2·
1895 2424 1945 2495 2.
1988 2432 2034 2499 a,

474 2573 515 2655 S.
545 2568 899 2685 cathetoplateus,
942 2568 1086 2682 pinnis
1115 2567 1267 2683 spuriis
1294 2567 1564 2669 coadunatis,
1605 2572 1867 2663 neutralibus
1897 2613 2035 2675 mem.

331 2723 461 2808 lirano
490 2722 694 2810 connexis
720 2720 941 2836 ventrique
970 2719 1166 2835 alligatis.
1662 2682 1667 2691 .

470 2880 586 2959 Inter
614 2876 804 2987 vulgares
831 2872 956 2958 Ponti
984 2871 1120 2986 pisces
1148 2902 1243 2956 cum
1271 2876 1552 2986 praecedente
1587 2904 1673 2960 non
1701 2908 1794 2965 raro
1822 2890 2034 2993 occurrit,

335 3026 559 3140 splendore
600 3048 797 3141 argenteo
839 3025 1116 3129 iridescente,
1159 3023 1406 3138 praesertim
1446 3055 1574 3139 quum
1614 3058 1810 3144 squamae
1853 3039 2032 3155 fugaces

332 3180 614 3279 defluxerunt,
645 3177 838 3263 eximius,

468 3333 633 3416 Descr.
684 3327 917 3442 Longitado
945 3364 970 3438 7
1002 3330 1054 3412 ad
1085 3345 1109 3415 ὃ
1136 3327 1355 3443 pollicum.
1414 3332 1574 3443 Corpus
1602 3334 1725 3419 valde
1753 3334 2028 3461 cathetopla·

330 3482 974 3619 teum,·plano·lanceolatum,
1018 3503 1113 3565 cute
1142 3481 1394 3586 tenerrima,
1438 3486 1665 3587 mollusca;
1705 3476 1908 3603 Squamis
1935 3530 2030 3613 par·

331 3631 421 3733 vis,
457 3631 625 3735 nitidis,
666 3630 946 3734 tenuissimis,
984 3633 1187 3725 facillime
1218 3633 1424 3721 deciduis.
1481 3639 1618 3751 Caput
1646 3640 1780 3723 forma
1810 3646 2028 3755 Farionis,

329 3787 623 3897 compressius,
652 3808 786 3870 rostro
813 3784 982 3888 conico,
1014 3792 1189 3869 maxilla
1215 3785 1434 3889 inferiore,
1478 3811 1600 3871 acute
1629 3788 1842 3896 carinata,
1876 3802 2030 3889 carina

328 3935 498 4039 diffissa,
528 3904 600 4020 ore
633 3967 716 4022 non
745 3935 956 4036 exsertili,
987 3939 1060 4020 sed
1089 3936 1196 4020 rictu
1224 3938 1390 4051 longius
1418 3937 1620 4035 rescisso,·
1646 3943 1801 4029 Dentes
1829 3949 1880 4035 in
1912 3982 2026 4043 utra·

327 4118 410 4204 qne
439 4087 613 4193 maxilla
641 4085 803 4192 dissiti,
836 4088 1086 4191 acutissimi,
1117 4089 1383 4190 subrecurvi;
1412 4092 1605 4177 Pataram
1632 4093 1771 4179 antice
1801 4102 2025 4197 tuberculo

324 4240 469 4324 medio
498 4236 684 4341 minum,
714 4262 758 4324 et
786 4240 980 4356 utrinque
1011 4249 1149 4327 areola
1175 4240 1411 4325 lanceolata
1442 4242 1663 4359 asperatis,
1692 4269 1739 4331 ut
1768 4272 1814 4334 et
1841 4252 2028 4349 rhaehis

323 4388 646 4491 branclriarum;
674 4400 818 4506 lingua
845 4391 996 4498 laevis,
1027 4395 1180 4494 soluta,
1211 4395 1474 4482 lanceolato·
1490 4399 1702 4483 subacuta.
1758 4402 1903 4495 Nares
1930 4416 2027 4499 sub·

321 4544 572 4658 contiguae,
614 4544 867 4659 posteriores
893 4565 1125 4629 transverse
1154 4548 1428 4632 lanceolatae.
1493 4551 1616 4635 Oculi
1642 4546 1823 4641 iridibus
1853 4562 2027 4676 pallide

323 4697 473 4782 aureis.
516 4696 722 4810 Opercula
750 4698 985 4800 rotundata,
1018 4720 1107 4780 tota
1136 4696 1319 4793 hiantia·
1337 4701 1518 4806 flabello
1545 4702 1810 4793 branchialia
1832 4740 2027 4832 septem·

322 4848 554 4949 lamellata,
581 4848 691 4957 alba,
720 4847 953 4936 latiuscula.
1010 4852 1170 4969 Corpus
1197 4852 1383 4957 obesum,
1416 4849 1792 4975 cathetoplateum,
1822 4868 2025 4977 glabmm
