4404 5902
383 397 444 491 ⁵4
1153 398 1304 455 ===

497 605 674 695 Rossice
702 603 834 720 vulgo
862 602 1106 725 Mjedoenka
1133 598 1185 714 (i.
1212 629 1253 688 e.
1282 607 1474 720 cuprea).

495 758 670 846 Livonis
696 760 846 845 Paeana
859 814 877 827 -
894 787 944 843 us
981 756 1050 841 vel
1082 756 1268 840 Waskur.

383 980 390 993 .
526 908 777 1000 Communis
820 940 897 1027 per
936 909 1152 996 borealem
1191 905 1385 994 Rosciam
1428 906 1539 993 fama
1576 927 1639 993 est
1665 902 1778 996 hanc
1804 906 2010 1026 Vipersm
2037 912 2092 1002 in

387 1062 575 1153 salicetis
602 1087 647 1150 et
674 1065 787 1153 circa
816 1094 943 1180 aquas
970 1060 1153 1147 inveniri
1189 1084 1235 1146 et
1259 1091 1398 1147 morsu
1426 1089 1517 1146 esse
1550 1057 1918 1167 nocentissimam
1972 1062 2094 1152 mihi

389 1245 492 1304 vero
520 1246 615 1305 eam
643 1216 789 1305 videre
823 1246 1040 1331 nunquam
1065 1213 1258 1328 contigit.

811 1654 1021 1762 Genus
1069 1659 1132 1768 V.
1199 1656 1661 1767 ANGVES.

1103 1942 1371 1962 ψ

529 2137 847 2255 Anphisbacnas
874 2157 917 2221 ct
938 2138 1128 2250 Scytales
1155 2167 1186 2221 s.
1204 2134 1414 2223 Caecilias
1435 2141 1578 2222 Fauna
1603 2159 1746 2223 nostra
1773 2138 1910 2222 nullas
1939 2135 2096 2245 habet,

385 2318 615 2407 perpaucas
651 2287 782 2374 etiam
826 2287 1043 2404 Anguium
1069 2286 1231 2405 species
1259 2310 1304 2373 et
1330 2286 1414 2373 hae
1442 2320 1609 2405 quoque
1638 2288 1871 2375 rarissimae
1900 2291 2099 2377 offerus.
2143 2388 2151 2399 .

392 2462 482 2546 tur,
526 2472 607 2530 nec
634 2439 720 2525 nisi
746 2437 794 2525 in
822 2439 1158 2543 australioribus3
1214 2438 1340 2525 unica
1367 2465 1550 2547 tantum,
1606 2440 1725 2528 omni
1752 2447 1946 2558 Europae
1975 2472 2099 2530 com·

392 2592 555 2700 munis,
611 2624 637 2676 a
677 2592 914 2680 borealiore
955 2591 1127 2680 climate
1166 2620 1253 2675 non
1298 2592 1509 2681 abhorret.
1583 2605 1635 2680 In
1679 2593 1835 2681 Sibiria
1863 2617 2009 2681 sutem
2039 2622 2099 2681 ne

392 2744 565 2836 unicam
593 2740 769 2864 quidem
796 2744 959 2863 Anguis
987 2744 1176 2863 speciem
1203 2742 1395 2834 invenire
1422 2744 1560 2833 licuit.

839 3022 920 3110 52.
994 3015 1311 3109 ANGUIS
1383 3019 1646 3109 miliaris.

533 3203 589 3288 A.
618 3199 753 3306 fusca,
784 3230 1050 3318 squamarum
1077 3204 1229 3319 sparsis
1255 3204 1424 3322 punctis
1450 3202 1636 3319 pallidis.

614 3353 780 3468 Anguis
818 3354 1018 3460 miliaris,
1074 3343 1458 3472 Pau.isin.11.p
1488 3369 1582 3468 718.
1635 3357 1805 3443 emelia
1847 3377 1954 3470 syst.
1999 3360 2101 3449 Idu.

674 3511 753 3592 ΙΙΙ.
783 3541 822 3624 p.
859 3542 975 3593 rino.

536 3666 668 3745 Lecta
705 3659 788 3745 fuit
826 3663 960 3744 semel
1016 3660 1224 3749 iterumve
1263 3661 1310 3747 in
1351 3658 1597 3746 australibus
1638 3663 1692 3746 nd
1733 3693 1847 3749 mare
1885 3662 2102 3781 caspium.

398 3812 539 3899 Gmel
548 3821 661 3899 inus
700 3810 832 3898 etiam
871 3840 895 3896 e
936 3815 1078 3899 Persia
1119 3814 1237 3901 misit
1275 3811 1504 3930 specimen.
1561 3812 1905 3929 Descriptionem
1934 3813 2104 3904 videsis

397 3966 479 4054 loc.
507 3974 578 4053 cit.

707 4201 789 4287 ss.
864 4172 1180 4287 ANGUIS
1252 4191 1454 4282 aetrno.
1509 4191 1643 4281 ran.
1691 4191 1792 4283 Vn.

538 4423 595 4507 A.
624 4418 942 4539 microccphala
970 4420 1150 4537 pallida,
1180 4419 1347 4534 punctis
1375 4416 1525 4535 sparsis
1551 4417 1692 4503 fuscis.

539 4572 682 4658 Etiam
709 4570 822 4661 hanc
851 4605 876 4659 e
905 4572 1050 4686 caspio
1080 4573 1246 4656 deserto
1275 4568 1437 4676 habeo,
1481 4568 1556 4655 ubi
1583 4591 1726 4655 tamen
1753 4569 1968 4658 rarissime
1998 4575 2115 4667 visa.

397 4722 645 4813 Veracitate
673 4724 878 4842 insignis,
916 4724 992 4810 vix
1023 4720 1249 4809 credibili:
1290 4753 1419 4838 quum
1446 4722 1563 4808 enim
1592 4721 1781 4809 crassitie
1811 4722 1886 4808 vix
1915 4727 2118 4843 digitum

400 4879 629 4969 minimum
669 4901 842 4997 superet
879 4899 925 4963 et
964 4897 1092 4993 caput
1130 4902 1269 4992 ungue
1308 4874 1463 4969 indicis
1503 4874 1618 4965 haud
1658 4874 1717 4965 sit
1744 4882 1906 4992 majus,
1954 4899 2118 4970 tamen
