4404 5902
258 411 319 511 98
1034 418 1180 473 u

373 620 518 710 Rossis
546 615 782 738 Seurjugla
822 618 875 702 ad
894 619 897 625 ’
915 614 1137 732 Dynaprin
1178 619 1418 729 Pestntgha.
1476 612 1707 703 -Rascianii
1736 616 1949 735 Sclcreglri

426 773 635 890 Hungaris
663 775 833 881 Scherelr
860 771 992 880 (unde
1020 768 1238 855 Germanis
1267 771 1322 852 ad
1350 768 1596 855 Danubium
1622 770 1825 881 θῶας.)

369 927 535 1012 Tataris
581 927 736 1038 Syrylt.

372 1074 610 1165 Calmuccis
637 1075 850 1175 Zouchur,
880 1075 1044 1157 Zachur
1071 1096 1116 1157 et
1145 1075 1414 1157 Tsclruoclrul.

370 1226 568 1312 Armenis
596 1247 639 1308 et
669 1222 915 1336 Georgianis
944 1228 1143 1310 Dsrlmchi
1170 1223 1239 1305 vel
1272 1225 1443 1334 Dsttgt.

402 1379 510 1465 Cum
538 1383 730 1472 Husone,
757 1374 983 1488 peculiaris
1012 1396 1074 1457 est
1102 1373 1229 1487 piscis
1259 1379 1393 1457 Ponto
1421 1372 1618 1475 Euxino,
1649 1393 1693 1455 et
1721 1372 1952 1478 Maeotico,

262 1527 369 1615 mari
396 1527 551 1642 Caspio
580 1547 624 1608 et
653 1523 862 1608 Araliensi
889 1523 1023 1627 lacui,
1066 1527 1177 1608 unde
1205 1522 1251 1606 in
1279 1529 1459 1634 maJores
1487 1522 1659 1625 fluvios,
1690 1523 1950 1629 Danubium,

263 1687 437 1781 Istrum,
468 1673 796 1790 Borysthenem,
825 1681 1007 1776 Tanai'n,
1049 1674 1250 1786 Volgam,
1288 1670 1537 1786 Rhymnum
1563 1678 1752 1759 Araxem
1781 1678 1954 1763 adscen-

235 1830 347 1935 ·dit‚
386 1830 522 1915 minus
551 1828 676 1938 longe
704 1846 847 1910 tamen
876 1855 901 1908 e
930 1826 1036 1909 mari
1064 1827 1295 1916 succedens
1323 1854 1449 1937 quam
1477 1823 1620 1909 Sturio
1647 1846 1693 1911 et
1719 1829 1775 1910 A.
1806 1825 1952 1912 ruthe·

260 2012 350 2068 nus.
407 1988 505 2066 Post
534 1977 698 2061 finitum
728 1983 943 2060 Husonum
971 1977 1217 2075 tumultum,
1257 1976 1400 2062 medio
1429 1976 1600 2061 circiter
1622 1976 1788 2091 Aprilis
1817 1977 1952 2064 immo

259 2141 342 2246 jam
372 2128 549 2229 Martio,
603 2126 801 2210 maximis
828 2126 977 2209 turmis
1006 2129 1059 2209 ad
1088 2124 1254 2227 littora,
1311 2157 1450 2211 versus
1479 2127 1591 2212 sinus
1619 2158 1726 2242 aqua
1755 2129 1952 2216 subdulci

263 2281 479 2397 praeditos
519 2300 565 2360 et
586 2305 675 2390 xper
716 2275 823 2359 ostia
864 2274 1087 2360 fluviorum
1127 2279 1387 2360 adscendunt
1429 2280 1615 2392 Helopes
1655 2281 1709 2363 ad
1748 2278 1952 2394 parienda

260 2460 354 2516 ova.
442 2435 580 2510 Tanto
620 2449 721 2510 tunc
763 2425 929 2540 impetu
969 2454 1226 2539 numeroque
1267 2430 1406 2512 tanto‘
1426 2426 1598 2512 flumina
1643 2432 1848 2534 subeunt,
1907 2458 1950 2519 ut

262 2608 395 2695 aquae
424 2577 540 2693 quasi
572 2576 808 2661 fluctuantis
838 2605 861 2659 e
890 2574 1122 2692 longinquo
1167 2576 1341 2692 agitatio
1381 2601 1591 2694 appareat.
1659 2580 1846 2697 Copiose
1876 2585 1950 2670 ita·

261 2760 343 2844 qne
372 2725 594 2842 capiuntur
622 2726 837 2841 dispositis
878 2757 955 2842 per
999 2730 1106 2813 vada
1147 2727 1402 2842 longissimis
1429 2751 1473 2814 et
1499 2728 1603 2814 raris
1631 2731 1807 2819 retibus.
1866 2743 1949 2822 Tu·

262 2879 419 2966 multus
447 2879 569 2961 durat
594 2906 670 2991 per
697 2876 857 2990 aliquot
884 2877 1175 2964 hebdomades
1204 2908 1286 2992 quo
1315 2902 1506 2994 tempore
1533 2877 1579 2965 in
1594 2884 1732 2997 Volgo
1760 2907 1807 2969 et
1832 2894 1948 2977 laico

261 3027 335 3113 vix
362 3026 470 3108 infra
499 3048 676 3111 centena
716 3026 851 3111 millia
890 3028 1040 3114 horum
1083 3030 1263 3143 piscium
1293 3031 1388 3144 capi
1419 3033 1555 3117 solent
1570 3069 1586 3128 ,-
1640 3054 1741 3118 tunc
1771 3039 1949 3127 redeunt

262 3179 314 3261 ad
345 3204 471 3274 mare,
499 3207 635 3289 neque
663 3201 755 3264 toto
785 3210 892 3264 anno
923 3179 1103 3294 amplius
1132 3203 1346 3294 apparent.
1405 3184 1446 3263 V
1443 3191 1593 3269 arietat
1619 3182 1665 3267 in
1695 3182 1777 3271 hac
1805 3192 1948 3305 specie

261 3328 397 3429 nulla,
428 3329 501 3412 sed
516 3351 708 3412 constans
724 3331 854 3412 forma
870 3329 1001 3414 immo
1016 3353 1059 3412 et
1074 3328 1330 3441 magnitudo·
1373 3333 1509 3415 Proles
1525 3331 1710 3418 etiamin
1728 3335 1944 3452 Rhymuo,

259 3505 387 3593 quem
430 3478 662 3594 copiosius,
732 3509 858 3592 quarn
902 3482 1081 3593 Volgam
1124 3483 1299 3580 adeunt,
1360 3482 1433 3564 vix
1475 3510 1658 3596 unquam
1687 3488 1944 3596 observatur,

260 3629 365 3713 licet
391 3652 563 3744 propter
590 3630 837 3744 progeniem
867 3628 1037 3710 flumina
1065 3628 1237 3713 intrent.
1296 3634 1472 3732 Ovorio,
1516 3635 1829 3746 Ichtltyocollo,
1860 3643 1944 3730 imo

260 3807 405 3862 carnes
435 3776 557 3891 hujus
586 3777 741 3893 speciei
776 3778 906 3889 magis
934 3778 1176 3872 laudantur,
1230 3810 1355 3892 quarn
1384 3782 1587 3886 Husonis,
1645 3790 1719 3869 sed
1748 3791 1944 3881 Sturione

259 3927 424 4014 viliora.
452 3980 509 3995 -
537 3929 721 4043 Copiose
752 3926 955 4011 saliantur
984 3929 1100 4010 etin
1128 3932 1214 4015 sole
1244 3932 1373 4017 etiam
1402 3931 1636 4039 siccantur,
1665 3966 1743 4049 pro
1772 3945 1941 4051 jejuniis

257 4082 485 4163 Rossorum
514 4102 558 4162 et
587 4084 855 4162 Graecorum.
924 4080 1089 4164 Pondus
1130 4079 1401 4196 quadraginta
1437 4080 1640 4171 librarum
1668 4089 1740 4171 vel
1770 4092 1944 4179 maximi

257 4257 472 4343 nunquam
502 4231 727 4317 excedunt.

399 4383 566 4465 Descr.
596 4382 842 4491 Magnitudo
873 4380 994 4464 solita
1024 4405 1067 4464 at
1095 4412 1254 4467 summa
1282 4380 1450 4469 circiter
1475 4385 1793 4503 quadripedalis
1808 4431 1823 4490 ,·
1852 4429 1945 4513 pon·

256 4532 335 4615 dus
362 4529 571 4613 foeminae
600 4530 691 4612 ovis
720 4532 871 4644 plenae
902 4545 952 4633 34
982 4532 1178 4614 librarum
1219 4534 1481 4637 tossicarnrn,
1540 4537 1676 4623 ovarii
1703 4549 1869 4633 exemti
1902 4585 1942 4633 ιι

255 4680 420 4801 librar„
457 4684 594 4807 Caput
621 4679 771 4767 conico
800 4684 1091 4783 adtenuatunt,
1133 4686 1483 4786 subtctra'cdrurn,
1527 4687 1718 4802 superius
1749 4697 1945 4814 utrinque

257 4831 487 4915 tulerculis
525 4866 562 4916 a.
602 4829 757 4944 asperis
799 4832 1058 4944 angulatum,
1114 4835 1254 4918 subtus
1293 4866 1555 4943 convexum
1612 4862 1755 4929 vertex
1782 4850 1944 4965 planus,
