<?xml version="1.0" encoding="UTF-8"?>
<!DOCTYPE html PUBLIC "-//W3C//DTD XHTML 1.0 Transitional//EN"
    "http://www.w3.org/TR/xhtml1/DTD/xhtml1-transitional.dtd">
<html xmlns="http://www.w3.org/1999/xhtml" xml:lang="en" lang="en">
 <head>
  <title>
</title>
<meta http-equiv="Content-Type" content="text/html;charset=utf-8" />
  <meta name='ocr-system' content='tesseract 3.04.00' />
  <meta name='ocr-capabilities' content='ocr_page ocr_carea ocr_par ocr_line ocrx_word'/>
</head>
<body>
  <div class='ocr_page' id='page_1' title='image "./zoographiarosso00pallgoog_0352.png"; bbox 0 0 4404 5902; ppageno 0'>
   <div class='ocr_carea' id='block_1_1' title="bbox 321 387 1264 494">
    <p class='ocr_par' dir='ltr' id='par_1_1' title="bbox 321 387 1264 494">
     <span class='ocr_line' id='line_1_1' title="bbox 321 387 1264 494; baseline -0.003 -20"><span class='ocrx_word' id='word_1_1' title='bbox 321 387 424 494; x_wconf 62' lang='grc'><strong>846</strong></span> <span class='ocrx_word' id='word_1_2' title='bbox 1115 396 1264 449; x_wconf 68' lang='lat'><strong>¹²⁸²</strong></span> 
     </span>
    </p>
   </div>
   <div class='ocr_carea' id='block_1_2' title="bbox 323 589 2051 2994">
    <p class='ocr_par' dir='ltr' id='par_1_2' title="bbox 323 589 2050 995">
     <span class='ocr_line' id='line_1_2' title="bbox 323 589 2048 724; baseline -0.005 -29"><span class='ocrx_word' id='word_1_3' title='bbox 323 601 687 724; x_wconf 80' lang='lat' dir='ltr'><strong>longitudinalia,</strong></span> <span class='ocrx_word' id='word_1_4' title='bbox 718 593 1000 711; x_wconf 84' lang='lat' dir='ltr'><strong>subtriquetra</strong></span> <span class='ocrx_word' id='word_1_5' title='bbox 1022 655 1035 698; x_wconf 92' lang='lat'><strong>,</strong></span> <span class='ocrx_word' id='word_1_6' title='bbox 1061 590 1242 679; x_wconf 78' lang='lat' dir='ltr'>linearia</span> <span class='ocrx_word' id='word_1_7' title='bbox 1254 626 1269 688; x_wconf 89' lang='lat'><strong>,·</strong></span> <span class='ocrx_word' id='word_1_8' title='bbox 1297 625 1378 679; x_wconf 84' lang='lat' dir='ltr'><strong>ovo</strong></span> <span class='ocrx_word' id='word_1_9' title='bbox 1402 589 1539 698; x_wconf 86' lang='lat' dir='ltr'><strong>lutea,</strong></span> <span class='ocrx_word' id='word_1_10' title='bbox 1569 590 1685 681; x_wconf 85' lang='lat' dir='ltr'><strong>mole</strong></span> <span class='ocrx_word' id='word_1_11' title='bbox 1709 592 1831 709; x_wconf 80' lang='lat' dir='ltr'><strong>graui</strong></span> <span class='ocrx_word' id='word_1_12' title='bbox 1859 592 2048 686; x_wconf 75' lang='lat' dir='ltr'><strong>Corinn-</strong></span> 
     </span>
     <span class='ocr_line' id='line_1_3' title="bbox 331 743 2050 870; baseline -0.003 -25"><span class='ocrx_word' id='word_1_13' title='bbox 331 761 416 845; x_wconf 89' lang='lat' dir='ltr'><strong>dri.</strong></span> <span class='ocrx_word' id='word_1_14' title='bbox 476 762 588 844; x_wconf 85' lang='lat' dir='ltr'><strong>Coro</strong></span> <span class='ocrx_word' id='word_1_15' title='bbox 629 748 916 870; x_wconf 81' lang='lat' dir='ltr'>pulcherrime</span> <span class='ocrx_word' id='word_1_16' title='bbox 957 751 1096 832; x_wconf 85' lang='lat' dir='ltr'><strong>rubra.</strong></span> <span class='ocrx_word' id='word_1_17' title='bbox 1154 746 1408 833; x_wconf 88' lang='lat' dir='ltr'><strong>lutestinum</strong></span> <span class='ocrx_word' id='word_1_18' title='bbox 1448 743 1672 863; x_wconf 83' lang='lat' dir='ltr'><strong>pinnatum</strong></span> <span class='ocrx_word' id='word_1_19' title='bbox 1705 770 1753 834; x_wconf 88' lang='lat' dir='ltr'><strong>et</strong></span> <span class='ocrx_word' id='word_1_20' title='bbox 1779 752 2050 867; x_wconf 75' lang='lat' dir='ltr'><strong>appendices</strong></span> 
     </span>
     <span class='ocr_line' id='line_1_4' title="bbox 330 906 828 995; baseline -0.018 0"><span class='ocrx_word' id='word_1_21' title='bbox 330 909 513 995; x_wconf 90' lang='lat' dir='ltr'><strong>Taeniis</strong></span> <span class='ocrx_word' id='word_1_22' title='bbox 542 906 828 993; x_wconf 87' lang='lat' dir='ltr'><strong>refertissima.</strong></span> 
     </span>
    </p>

    <p class='ocr_par' dir='ltr' id='par_1_3' title="bbox 334 1049 2050 1483">
     <span class='ocr_line' id='line_1_5' title="bbox 475 1049 2047 1172; baseline 0.001 -26"><span class='ocrx_word' id='word_1_23' title='bbox 475 1063 520 1145; x_wconf 89' lang='lat' dir='ltr'><em>N</em></span> <span class='ocrx_word' id='word_1_24' title='bbox 529 1081 596 1146; x_wconf 88' lang='lat' dir='ltr'><strong>ot.</strong></span> <span class='ocrx_word' id='word_1_25' title='bbox 632 1095 667 1141; x_wconf 83' lang='lat'><strong>1·</strong></span> <span class='ocrx_word' id='word_1_26' title='bbox 722 1058 964 1142; x_wconf 76' lang='lat' dir='ltr'><strong>salmonem</strong></span> <span class='ocrx_word' id='word_1_27' title='bbox 992 1086 1017 1142; x_wconf 92' lang='lat' dir='ltr'><strong>e</strong></span> <span class='ocrx_word' id='word_1_28' title='bbox 1050 1085 1164 1141; x_wconf 88' lang='lat' dir='ltr'><strong>mare</strong></span> <span class='ocrx_word' id='word_1_29' title='bbox 1193 1051 1367 1172; x_wconf 80' lang='lat' dir='ltr'><strong>caspio,</strong></span> <span class='ocrx_word' id='word_1_30' title='bbox 1403 1049 1606 1141; x_wconf 80' lang='lat' dir='ltr'><strong>Huchoui</strong></span> <span class='ocrx_word' id='word_1_31' title='bbox 1631 1051 1904 1143; x_wconf 82' lang='lat' dir='ltr'><strong>simillimum</strong></span> <span class='ocrx_word' id='word_1_32' title='bbox 1932 1055 2047 1147; x_wconf 88' lang='lat' dir='ltr'><strong>olim</strong></span> 
     </span>
     <span class='ocr_line' id='line_1_6' title="bbox 334 1204 2050 1328; baseline -0.001 -27"><span class='ocrx_word' id='word_1_33' title='bbox 334 1214 456 1301; x_wconf 84' lang='lat' dir='ltr'><strong>misit</strong></span> <span class='ocrx_word' id='word_1_34' title='bbox 482 1219 523 1302; x_wconf 88' lang='lat' dir='ltr'><strong>S.</strong></span> <span class='ocrx_word' id='word_1_35' title='bbox 554 1214 604 1298; x_wconf 89' lang='lat' dir='ltr'><strong>G.</strong></span> <span class='ocrx_word' id='word_1_36' title='bbox 634 1212 860 1313; x_wconf 77' lang='lat' dir='ltr'><strong>Gmelin,</strong></span> <span class='ocrx_word' id='word_1_37' title='bbox 903 1208 1298 1328; x_wconf 80' lang='lat' dir='ltr'><strong>trispithamalem,</strong></span> <span class='ocrx_word' id='word_1_38' title='bbox 1325 1207 1373 1293; x_wconf 90' lang='lat' dir='ltr'><strong>iu</strong></span> <span class='ocrx_word' id='word_1_39' title='bbox 1398 1235 1487 1323; x_wconf 84' lang='lat' dir='ltr'><strong>quo</strong></span> <span class='ocrx_word' id='word_1_40' title='bbox 1510 1204 1625 1295; x_wconf 84' lang='lat' dir='ltr'>nihil</span> <span class='ocrx_word' id='word_1_41' title='bbox 1667 1208 1874 1298; x_wconf 86' lang='lat' dir='ltr'><strong>abludere</strong></span> <span class='ocrx_word' id='word_1_42' title='bbox 1900 1209 2050 1318; x_wconf 75' lang='lat' dir='ltr'><strong>video,</strong></span> 
     </span>
     <span class='ocr_line' id='line_1_7' title="bbox 336 1360 979 1483; baseline -0.006 -31"><span class='ocrx_word' id='word_1_43' title='bbox 336 1397 465 1483; x_wconf 88' lang='lat' dir='ltr'><strong>quam</strong></span> <span class='ocrx_word' id='word_1_44' title='bbox 494 1385 622 1481; x_wconf 87' lang='lat' dir='ltr'><strong>caput</strong></span> <span class='ocrx_word' id='word_1_45' title='bbox 647 1360 979 1453; x_wconf 85' lang='lat' dir='ltr'><strong>immaculatum.</strong></span> 
     </span>
    </p>

    <p class='ocr_par' dir='ltr' id='par_1_4' title="bbox 334 1511 2051 2994">
     <span class='ocr_line' id='line_1_8' title="bbox 478 1511 2050 1634; baseline 0.003 -30"><span class='ocrx_word' id='word_1_46' title='bbox 478 1520 520 1604; x_wconf 86' lang='lat' dir='ltr'><strong><em>N</em></strong></span> <span class='ocrx_word' id='word_1_47' title='bbox 528 1538 591 1603; x_wconf 82' lang='lat' dir='ltr'><strong>ot.</strong></span> <span class='ocrx_word' id='word_1_48' title='bbox 613 1550 652 1599; x_wconf 80' lang='lat' dir='ltr'><strong>a.</strong></span> <span class='ocrx_word' id='word_1_49' title='bbox 683 1521 732 1599; x_wconf 94' lang='lat' dir='ltr'><strong>In</strong></span> <span class='ocrx_word' id='word_1_50' title='bbox 752 1516 1093 1602; x_wconf 80' lang='lat' dir='ltr'><strong>adnotationibus</strong></span> <span class='ocrx_word' id='word_1_51' title='bbox 1115 1515 1234 1600; x_wconf 79' lang='lat' dir='ltr'><strong>MSti·</strong></span> <span class='ocrx_word' id='word_1_52' title='bbox 1258 1512 1657 1600; x_wconf 74' lang='lat' dir='ltr'><strong>Guldenstaedtl</strong></span> <span class='ocrx_word' id='word_1_53' title='bbox 1675 1511 1856 1602; x_wconf 78' lang='lat' dir='ltr'><strong>invenio</strong></span> <span class='ocrx_word' id='word_1_54' title='bbox 1874 1515 2050 1634; x_wconf 84' lang='lat' dir='ltr'><strong>piscem</strong></span> 
     </span>
     <span class='ocr_line' id='line_1_9' title="bbox 336 1664 2051 1788; baseline -0.001 -29"><span class='ocrx_word' id='word_1_55' title='bbox 336 1673 416 1759; x_wconf 86' lang='lat' dir='ltr'><strong>sub</strong></span> <span class='ocrx_word' id='word_1_56' title='bbox 444 1667 665 1755; x_wconf 88' lang='lat' dir='ltr'><strong>Huchonis</strong></span> <span class='ocrx_word' id='word_1_57' title='bbox 690 1667 864 1752; x_wconf 90' lang='lat' dir='ltr'><strong>nomine</strong></span> <span class='ocrx_word' id='word_1_58' title='bbox 892 1666 1175 1784; x_wconf 86' lang='lat' dir='ltr'><strong>descriptum,</strong></span> <span class='ocrx_word' id='word_1_59' title='bbox 1204 1664 1462 1783; x_wconf 80' lang='lat' dir='ltr'><strong>bipedalem,</strong></span> <span class='ocrx_word' id='word_1_60' title='bbox 1490 1694 1516 1751; x_wconf 84' lang='lat' dir='ltr'><strong>a</strong></span> <span class='ocrx_word' id='word_1_61' title='bbox 1543 1666 1641 1751; x_wconf 88' lang='lat' dir='ltr'><strong>data</strong></span> <span class='ocrx_word' id='word_1_62' title='bbox 1667 1697 1763 1754; x_wconf 83' lang='lat' dir='ltr'><strong>rues</strong></span> <span class='ocrx_word' id='word_1_63' title='bbox 1789 1669 2051 1788; x_wconf 80' lang='lat' dir='ltr'><strong>descriptio·</strong></span> 
     </span>
     <span class='ocr_line' id='line_1_10' title="bbox 337 1798 2049 1935; baseline 0.002 -27"><span class='ocrx_word' id='word_1_64' title='bbox 337 1852 394 1908; x_wconf 88' lang='lat' dir='ltr'><strong>ne</strong></span> <span class='ocrx_word' id='word_1_65' title='bbox 434 1821 509 1908; x_wconf 80' lang='lat' dir='ltr'><strong>rix</strong></span> <span class='ocrx_word' id='word_1_66' title='bbox 549 1798 782 1935; x_wconf 88' lang='lat' dir='ltr'><strong>quidquaiu</strong></span> <span class='ocrx_word' id='word_1_67' title='bbox 823 1818 1031 1923; x_wconf 87' lang='lat' dir='ltr'><strong>alienum,</strong></span> <span class='ocrx_word' id='word_1_68' title='bbox 1080 1848 1209 1932; x_wconf 91' lang='lat' dir='ltr'><strong>quem</strong></span> <span class='ocrx_word' id='word_1_69' title='bbox 1250 1816 1360 1903; x_wconf 92' lang='lat' dir='ltr'><strong>dicit</strong></span> <span class='ocrx_word' id='word_1_70' title='bbox 1399 1817 1666 1934; x_wconf 81' lang='lat' dir='ltr'><strong>frequentem</strong></span> <span class='ocrx_word' id='word_1_71' title='bbox 1707 1848 1800 1905; x_wconf 80' lang='lat' dir='ltr'><strong>esse</strong></span> <span class='ocrx_word' id='word_1_72' title='bbox 1841 1819 1891 1905; x_wconf 93' lang='lat' dir='ltr'><strong>iu</strong></span> <span class='ocrx_word' id='word_1_73' title='bbox 1929 1828 2049 1911; x_wconf 82' lang='lat' dir='ltr'><strong>Lacu</strong></span> 
     </span>
     <span class='ocr_line' id='line_1_11' title="bbox 337 1968 2049 2084; baseline 0.001 -22"><span class='ocrx_word' id='word_1_74' title='bbox 337 1977 531 2062; x_wconf 73' lang='lat' dir='ltr'><strong>Gobacba</strong></span> <span class='ocrx_word' id='word_1_75' title='bbox 558 1968 818 2069; x_wconf 84' lang='lat' dir='ltr'><strong>Armeniae,</strong></span> <span class='ocrx_word' id='word_1_76' title='bbox 859 1973 912 2056; x_wconf 87' lang='lat' dir='ltr'><strong>ab</strong></span> <span class='ocrx_word' id='word_1_77' title='bbox 940 1970 1098 2055; x_wconf 86' lang='lat' dir='ltr'><strong>Erivan</strong></span> <span class='ocrx_word' id='word_1_78' title='bbox 1126 1968 1241 2056; x_wconf 90' lang='lat' dir='ltr'><strong>haud</strong></span> <span class='ocrx_word' id='word_1_79' title='bbox 1270 1970 1398 2084; x_wconf 80' lang='lat' dir='ltr'><strong>longe</strong></span> <span class='ocrx_word' id='word_1_80' title='bbox 1426 1969 1610 2057; x_wconf 84' lang='lat' dir='ltr'><strong>distante</strong></span> <span class='ocrx_word' id='word_1_81' title='bbox 1637 1974 1713 2057; x_wconf 87' lang='lat' dir='ltr'><strong>ubr</strong></span> <span class='ocrx_word' id='word_1_82' title='bbox 1738 1970 1866 2059; x_wconf 82' lang='lat' dir='ltr'><strong>uncis</strong></span> <span class='ocrx_word' id='word_1_83' title='bbox 1892 1975 2049 2064; x_wconf 81' lang='lat' dir='ltr'><strong>feneis</strong></span> 
     </span>
     <span class='ocr_line' id='line_1_12' title="bbox 337 2118 2048 2240; baseline 0.001 -27"><span class='ocrx_word' id='word_1_84' title='bbox 337 2154 492 2240; x_wconf 81' lang='lat' dir='ltr'><strong>magna</strong></span> <span class='ocrx_word' id='word_1_85' title='bbox 520 2126 645 2236; x_wconf 90' lang='lat' dir='ltr'><strong>copia</strong></span> <span class='ocrx_word' id='word_1_86' title='bbox 673 2118 839 2233; x_wconf 85' lang='lat' dir='ltr'><strong>capitur</strong></span> <span class='ocrx_word' id='word_1_87' title='bbox 873 2144 916 2207; x_wconf 88' lang='lat' dir='ltr'><strong>et</strong></span> <span class='ocrx_word' id='word_1_88' title='bbox 944 2120 1156 2207; x_wconf 87' lang='lat' dir='ltr'><strong>Tiflisium</strong></span> <span class='ocrx_word' id='word_1_89' title='bbox 1194 2152 1348 2207; x_wconf 82' lang='lat' dir='ltr'><strong>venum</strong></span> <span class='ocrx_word' id='word_1_90' title='bbox 1383 2123 1583 2207; x_wconf 79' lang='lat' dir='ltr'><strong>adfertur.</strong></span> <span class='ocrx_word' id='word_1_91' title='bbox 1639 2128 1689 2208; x_wconf 93' lang='lat' dir='ltr'><strong>Iu</strong></span> <span class='ocrx_word' id='word_1_92' title='bbox 1718 2122 1863 2239; x_wconf 85' lang='lat' dir='ltr'><strong>Cyro,</strong></span> <span class='ocrx_word' id='word_1_93' title='bbox 1909 2128 2048 2234; x_wconf 85' lang='lat' dir='ltr'><strong>addit,</strong></span> 
     </span>
     <span class='ocr_line' id='line_1_13' title="bbox 336 2273 2046 2391; baseline 0.002 -27"><span class='ocrx_word' id='word_1_94' title='bbox 336 2307 438 2365; x_wconf 84' lang='lat' dir='ltr'><strong>eum</strong></span> <span class='ocrx_word' id='word_1_95' title='bbox 465 2276 625 2361; x_wconf 79' lang='lat' dir='ltr'><strong>deesse</strong></span> <span class='ocrx_word' id='word_1_96' title='bbox 683 2273 872 2356; x_wconf 84' lang='lat' dir='ltr'><strong>Colorem</strong></span> <span class='ocrx_word' id='word_1_97' title='bbox 899 2273 1062 2359; x_wconf 84' lang='lat' dir='ltr'><strong>variare</strong></span> <span class='ocrx_word' id='word_1_98' title='bbox 1089 2273 1135 2358; x_wconf 88' lang='lat' dir='ltr'><strong>in</strong></span> <span class='ocrx_word' id='word_1_99' title='bbox 1164 2302 1294 2359; x_wconf 86' lang='lat' dir='ltr'><strong>sexu:</strong></span> <span class='ocrx_word' id='word_1_100' title='bbox 1348 2277 1510 2360; x_wconf 81' lang='lat' dir='ltr'><strong>Murem</strong></span> <span class='ocrx_word' id='word_1_101' title='bbox 1548 2295 1687 2362; x_wconf 83' lang='lat' dir='ltr'><strong>totum</strong></span> <span class='ocrx_word' id='word_1_102' title='bbox 1726 2273 2046 2391; x_wconf 72' lang='lat' dir='ltr'><strong>fuliginosam,</strong></span> 
     </span>
     <span class='ocr_line' id='line_1_14' title="bbox 337 2423 2048 2541; baseline 0.001 -23"><span class='ocrx_word' id='word_1_103' title='bbox 337 2424 537 2518; x_wconf 79' lang='lat' dir='ltr'><strong>albedine</strong></span> <span class='ocrx_word' id='word_1_104' title='bbox 566 2443 762 2536; x_wconf 75' lang='lat' dir='ltr'><strong>argentea</strong></span> <span class='ocrx_word' id='word_1_105' title='bbox 788 2423 1098 2510; x_wconf 87' lang='lat' dir='ltr'><strong>obsoletissima</strong></span> <span class='ocrx_word' id='word_1_106' title='bbox 1124 2426 1172 2510; x_wconf 91' lang='lat' dir='ltr'><strong>in</strong></span> <span class='ocrx_word' id='word_1_107' title='bbox 1204 2423 1406 2517; x_wconf 85' lang='lat' dir='ltr'><strong>lateribus</strong></span> <span class='ocrx_word' id='word_1_108' title='bbox 1443 2423 1681 2531; x_wconf 77' lang='lat' dir='ltr'><strong>emicante,</strong></span> <span class='ocrx_word' id='word_1_109' title='bbox 1719 2455 1832 2541; x_wconf 87' lang='lat' dir='ltr'><strong>quae</strong></span> <span class='ocrx_word' id='word_1_110' title='bbox 1862 2434 2048 2520; x_wconf 84' lang='lat' dir='ltr'><strong>maculis</strong></span> 
     </span>
     <span class='ocr_line' id='line_1_15' title="bbox 334 2572 2049 2699; baseline 0.002 -30"><span class='ocrx_word' id='word_1_111' title='bbox 334 2578 471 2697; x_wconf 80' lang='lat' dir='ltr'><strong>nigris</strong></span> <span class='ocrx_word' id='word_1_112' title='bbox 499 2572 754 2672; x_wconf 87' lang='lat' dir='ltr'><strong>rarissimis,</strong></span> <span class='ocrx_word' id='word_1_113' title='bbox 796 2572 871 2658; x_wconf 81' lang='lat' dir='ltr'><strong>vix</strong></span> <span class='ocrx_word' id='word_1_114' title='bbox 899 2573 983 2660; x_wconf 86' lang='lat' dir='ltr'><strong>nisi</strong></span> <span class='ocrx_word' id='word_1_115' title='bbox 1010 2575 1123 2663; x_wconf 85' lang='lat' dir='ltr'><strong>iuter</strong></span> <span class='ocrx_word' id='word_1_116' title='bbox 1150 2608 1194 2694; x_wconf 89' lang='lat' dir='ltr'><strong>p.</strong></span> <span class='ocrx_word' id='word_1_117' title='bbox 1222 2576 1458 2693; x_wconf 73' lang='lat' dir='ltr'><strong>pectorales</strong></span> <span class='ocrx_word' id='word_1_118' title='bbox 1485 2599 1529 2662; x_wconf 86' lang='lat' dir='ltr'><strong>et</strong></span> <span class='ocrx_word' id='word_1_119' title='bbox 1557 2579 1767 2667; x_wconf 81' lang='lat' dir='ltr'><strong>ventrales</strong></span> <span class='ocrx_word' id='word_1_120' title='bbox 1794 2582 2049 2699; x_wconf 82' lang='lat' dir='ltr'><strong>conspicuis</strong></span> 
     </span>
     <span class='ocr_line' id='line_1_16' title="bbox 334 2723 2043 2854; baseline 0.001 -31"><span class='ocrx_word' id='word_1_121' title='bbox 334 2753 483 2823; x_wconf 87' lang='lat' dir='ltr'><strong>notata</strong></span> <span class='ocrx_word' id='word_1_122' title='bbox 510 2749 598 2826; x_wconf 80' lang='lat' dir='ltr'><strong>est3</strong></span> <span class='ocrx_word' id='word_1_123' title='bbox 626 2725 724 2840; x_wconf 80' lang='lat' dir='ltr'><strong>gula</strong></span> <span class='ocrx_word' id='word_1_124' title='bbox 754 2724 866 2828; x_wconf 80' lang='lat' dir='ltr'><strong>alba,</strong></span> <span class='ocrx_word' id='word_1_125' title='bbox 893 2723 1025 2812; x_wconf 85' lang='lat' dir='ltr'><strong>irides</strong></span> <span class='ocrx_word' id='word_1_126' title='bbox 1052 2730 1149 2815; x_wconf 90' lang='lat' dir='ltr'><strong>albo</strong></span> <span class='ocrx_word' id='word_1_127' title='bbox 1162 2781 1177 2796; x_wconf 93' lang='lat'><strong>·</strong></span> <span class='ocrx_word' id='word_1_128' title='bbox 1192 2730 1468 2833; x_wconf 86' lang='lat' dir='ltr'><strong>lutescentes,</strong></span> <span class='ocrx_word' id='word_1_129' title='bbox 1497 2732 1662 2815; x_wconf 87' lang='lat' dir='ltr'><strong>macula</strong></span> <span class='ocrx_word' id='word_1_130' title='bbox 1689 2762 1875 2847; x_wconf 85' lang='lat' dir='ltr'><strong>superne</strong></span> <span class='ocrx_word' id='word_1_131' title='bbox 1905 2738 2043 2854; x_wconf 80' lang='lat' dir='ltr'><strong>nigra.</strong></span> 
     </span>
     <span class='ocr_line' id='line_1_17' title="bbox 337 2879 2045 2994; baseline 0.004 -24"><span class='ocrx_word' id='word_1_132' title='bbox 337 2887 578 2969; x_wconf 72' lang='lat' dir='ltr'><strong>Foemiaa</strong></span> <span class='ocrx_word' id='word_1_133' title='bbox 619 2906 743 2993; x_wconf 88' lang='lat' dir='ltr'><strong>supra</strong></span> <span class='ocrx_word' id='word_1_134' title='bbox 782 2899 826 2962; x_wconf 90' lang='lat' dir='ltr'><strong>et</strong></span> <span class='ocrx_word' id='word_1_135' title='bbox 867 2880 923 2964; x_wconf 91' lang='lat' dir='ltr'><strong>ad</strong></span> <span class='ocrx_word' id='word_1_136' title='bbox 965 2879 1115 2994; x_wconf 86' lang='lat' dir='ltr'><strong>pinnas</strong></span> <span class='ocrx_word' id='word_1_137' title='bbox 1156 2883 1299 2979; x_wconf 85' lang='lat' dir='ltr'><strong>fusca,</strong></span> <span class='ocrx_word' id='word_1_138' title='bbox 1337 2880 1541 2967; x_wconf 85' lang='lat' dir='ltr'><strong>lateribus</strong></span> <span class='ocrx_word' id='word_1_139' title='bbox 1565 2903 1611 2966; x_wconf 86' lang='lat' dir='ltr'><strong>et</strong></span> <span class='ocrx_word' id='word_1_140' title='bbox 1636 2885 1782 2969; x_wconf 78' lang='lat' dir='ltr'><strong>subtus</strong></span> <span class='ocrx_word' id='word_1_141' title='bbox 1812 2889 1951 2993; x_wconf 81' lang='lat' dir='ltr'><strong>alba,</strong></span> <span class='ocrx_word' id='word_1_142' title='bbox 1992 2892 2045 2976; x_wconf 85' lang='lat' dir='ltr'><strong>ad</strong></span> 
     </span>
    </p>
   </div>
   <div class='ocr_carea' id='block_1_3' title="bbox 332 3028 2045 3754">
    <p class='ocr_par' dir='ltr' id='par_1_5' title="bbox 332 3028 2045 3754">
     <span class='ocr_line' id='line_1_18' title="bbox 335 3028 2045 3162; baseline 0.006 -41"><span class='ocrx_word' id='word_1_143' title='bbox 335 3035 469 3121; x_wconf 84' lang='lat' dir='ltr'><strong>latera</strong></span> <span class='ocrx_word' id='word_1_144' title='bbox 506 3028 684 3116; x_wconf 86' lang='lat' dir='ltr'><strong>maculis</strong></span> <span class='ocrx_word' id='word_1_145' title='bbox 723 3029 941 3162; x_wconf 78' lang='lat' dir='ltr'><strong>rotundis,</strong></span> <span class='ocrx_word' id='word_1_146' title='bbox 982 3033 1052 3118; x_wconf 81' lang='lat'><em>3‘&#39;&#39;.</em></span> <span class='ocrx_word' id='word_1_147' title='bbox 1079 3032 1315 3136; x_wconf 84' lang='lat' dir='ltr'><strong>diametro,</strong></span> <span class='ocrx_word' id='word_1_148' title='bbox 1355 3031 1513 3149; x_wconf 84' lang='lat' dir='ltr'><strong>nigris,</strong></span> <span class='ocrx_word' id='word_1_149' title='bbox 1551 3032 1686 3141; x_wconf 85' lang='lat' dir='ltr'><strong>raris,</strong></span> <span class='ocrx_word' id='word_1_150' title='bbox 1732 3066 1821 3125; x_wconf 88' lang='lat' dir='ltr'><strong>nec</strong></span> <span class='ocrx_word' id='word_1_151' title='bbox 1863 3070 1960 3128; x_wconf 89' lang='lat' dir='ltr'><strong>uon</strong></span> <span class='ocrx_word' id='word_1_152' title='bbox 1999 3044 2045 3131; x_wconf 90' lang='lat' dir='ltr'><strong>in</strong></span> 
     </span>
     <span class='ocr_line' id='line_1_19' title="bbox 332 3179 2044 3302; baseline 0.007 -32"><span class='ocrx_word' id='word_1_153' title='bbox 332 3182 549 3302; x_wconf 86' lang='lat' dir='ltr'><strong>opereulis</strong></span> <span class='ocrx_word' id='word_1_154' title='bbox 590 3203 635 3267; x_wconf 88' lang='lat' dir='ltr'><strong>et</strong></span> <span class='ocrx_word' id='word_1_155' title='bbox 668 3212 712 3298; x_wconf 86' lang='lat' dir='ltr'><strong>p.</strong></span> <span class='ocrx_word' id='word_1_156' title='bbox 748 3180 905 3269; x_wconf 89' lang='lat' dir='ltr'><strong>dorsali</strong></span> <span class='ocrx_word' id='word_1_157' title='bbox 938 3182 1068 3297; x_wconf 87' lang='lat' dir='ltr'><strong>picta.</strong></span> <span class='ocrx_word' id='word_1_158' title='bbox 1125 3188 1332 3299; x_wconf 69' lang='lat' dir='ltr'><strong>squamae</strong></span> <span class='ocrx_word' id='word_1_159' title='bbox 1362 3183 1438 3271; x_wconf 81' lang='lat' dir='ltr'><strong>vix</strong></span> <span class='ocrx_word' id='word_1_160' title='bbox 1470 3179 1532 3272; x_wconf 84' lang='lat' dir='ltr'><strong>r‘&#39;&#39;.</strong></span> <span class='ocrx_word' id='word_1_161' title='bbox 1559 3187 1687 3276; x_wconf 80' lang='lat' dir='ltr'><strong>letae.</strong></span> <span class='ocrx_word' id='word_1_162' title='bbox 1744 3190 1866 3278; x_wconf 81' lang='lat' dir='ltr'><strong>caro</strong></span> <span class='ocrx_word' id='word_1_163' title='bbox 1903 3197 2044 3282; x_wconf 84' lang='lat' dir='ltr'><strong>rubra.</strong></span> 
     </span>
     <span class='ocr_line' id='line_1_20' title="bbox 335 3334 2041 3461; baseline 0.003 -36"><span class='ocrx_word' id='word_1_164' title='bbox 335 3335 554 3425; x_wconf 84' lang='lat' dir='ltr'><strong>Vertebroe</strong></span> <span class='ocrx_word' id='word_1_165' title='bbox 582 3347 650 3437; x_wconf 77' lang='lat'><strong>54.</strong></span> <span class='ocrx_word' id='word_1_166' title='bbox 690 3348 923 3421; x_wconf 68' lang='lat' dir='ltr'><strong>castnedo.</strong></span> <span class='ocrx_word' id='word_1_167' title='bbox 979 3334 1137 3419; x_wconf 88' lang='lat' dir='ltr'><strong>Pinnae</strong></span> <span class='ocrx_word' id='word_1_168' title='bbox 1178 3335 1383 3441; x_wconf 86' lang='lat' dir='ltr'><strong>omuino,</strong></span> <span class='ocrx_word' id='word_1_169' title='bbox 1421 3360 1469 3421; x_wconf 88' lang='lat' dir='ltr'><strong>ut</strong></span> <span class='ocrx_word' id='word_1_170' title='bbox 1507 3336 1554 3423; x_wconf 92' lang='lat' dir='ltr'><strong>in</strong></span> <span class='ocrx_word' id='word_1_171' title='bbox 1595 3367 1691 3423; x_wconf 88' lang='lat' dir='ltr'><strong>mea</strong></span> <span class='ocrx_word' id='word_1_172' title='bbox 1728 3341 2041 3461; x_wconf 84' lang='lat' dir='ltr'><strong>descriptione.</strong></span> 
     </span>
     <span class='ocr_line' id='line_1_21' title="bbox 334 3483 2041 3607; baseline 0.006 -35"><span class='ocrx_word' id='word_1_173' title='bbox 334 3490 475 3577; x_wconf 83' lang='lat' dir='ltr'><strong>Ovulo</strong></span> <span class='ocrx_word' id='word_1_174' title='bbox 502 3483 691 3570; x_wconf 78' lang='lat' dir='ltr'><strong>curantia</strong></span> <span class='ocrx_word' id='word_1_175' title='bbox 721 3487 801 3584; x_wconf 65' lang='lat'><strong>23¹⁰.</strong></span> <span class='ocrx_word' id='word_1_176' title='bbox 830 3485 1062 3589; x_wconf 82' lang='lat' dir='ltr'><strong>diametra,</strong></span> <span class='ocrx_word' id='word_1_177' title='bbox 1096 3488 1338 3573; x_wconf 86' lang='lat' dir='ltr'><strong>cicatricula</strong></span> <span class='ocrx_word' id='word_1_178' title='bbox 1368 3491 1479 3576; x_wconf 88' lang='lat' dir='ltr'><strong>alba.</strong></span> <span class='ocrx_word' id='word_1_179' title='bbox 1517 3489 1761 3607; x_wconf 78' lang='lat' dir='ltr'><strong>longitudo</strong></span> <span class='ocrx_word' id='word_1_180' title='bbox 1790 3524 1966 3585; x_wconf 78' lang='lat' dir='ltr'><strong>summa</strong></span> <span class='ocrx_word' id='word_1_181' title='bbox 1999 3511 2041 3584; x_wconf 72' lang='grc' dir='ltr'><strong>ι’.</strong></span> 
     </span>
     <span class='ocr_line' id='line_1_22' title="bbox 335 3635 1597 3754; baseline 0.004 -32"><span class='ocrx_word' id='word_1_182' title='bbox 335 3635 393 3753; x_wconf 83' lang='lat'><strong>7&#39;&#39;.</strong></span> <span class='ocrx_word' id='word_1_183' title='bbox 428 3635 494 3724; x_wconf 79' lang='lat' dir='ltr'><strong>o&#39;“.</strong></span> <span class='ocrx_word' id='word_1_184' title='bbox 548 3637 808 3751; x_wconf 80' lang='lat' dir='ltr'><strong>Appendices</strong></span> <span class='ocrx_word' id='word_1_185' title='bbox 836 3637 977 3750; x_wconf 87' lang='lat' dir='ltr'><strong>pylori</strong></span> <span class='ocrx_word' id='word_1_186' title='bbox 1007 3669 1136 3754; x_wconf 87' lang='lat' dir='ltr'><strong>usque</strong></span> <span class='ocrx_word' id='word_1_187' title='bbox 1166 3644 1219 3724; x_wconf 84' lang='lat' dir='ltr'><strong>ad</strong></span> <span class='ocrx_word' id='word_1_188' title='bbox 1249 3675 1316 3752; x_wconf 85' lang='lat'><strong>70.</strong></span> <span class='ocrx_word' id='word_1_189' title='bbox 1344 3641 1597 3753; x_wconf 81' lang='lat' dir='ltr'><strong>numeravit.</strong></span> 
     </span>
    </p>
   </div>
   <div class='ocr_carea' id='block_1_4' title="bbox 810 3908 1551 4026">
    <p class='ocr_par' dir='ltr' id='par_1_6' title="bbox 810 3908 1551 4026">
     <span class='ocr_line' id='line_1_23' title="bbox 810 3908 1551 4026; baseline 0.009 -27"><span class='ocrx_word' id='word_1_190' title='bbox 810 3922 927 4026; x_wconf 76' lang='lat'><strong>247.</strong></span> <span class='ocrx_word' id='word_1_191' title='bbox 983 3908 1261 3999; x_wconf 83' lang='lat' dir='ltr'>SALMO</span> <span class='ocrx_word' id='word_1_192' title='bbox 1309 3908 1551 4006; x_wconf 77' lang='lat' dir='ltr'><strong>Lnbroae.</strong></span> 
     </span>
    </p>
   </div>
   <div class='ocr_carea' id='block_1_5' title="bbox 320 4093 2051 4975">
    <p class='ocr_par' dir='ltr' id='par_1_7' title="bbox 320 4093 2051 4975">
     <span class='ocr_line' id='line_1_24' title="bbox 468 4093 2037 4219; baseline 0.008 -34"><span class='ocrx_word' id='word_1_193' title='bbox 468 4097 511 4185; x_wconf 75' lang='lat' dir='ltr'><strong>S.</strong></span> <span class='ocrx_word' id='word_1_194' title='bbox 538 4121 715 4211; x_wconf 85' lang='lat' dir='ltr'><strong>corpore</strong></span> <span class='ocrx_word' id='word_1_195' title='bbox 743 4119 942 4209; x_wconf 87' lang='lat' dir='ltr'><strong>argenteo</strong></span> <span class='ocrx_word' id='word_1_196' title='bbox 968 4093 1264 4198; x_wconf 87' lang='lat' dir='ltr'><strong>immaculato,</strong></span> <span class='ocrx_word' id='word_1_197' title='bbox 1314 4120 1449 4184; x_wconf 90' lang='lat' dir='ltr'><strong>rostro</strong></span> <span class='ocrx_word' id='word_1_198' title='bbox 1475 4096 1628 4188; x_wconf 90' lang='lat' dir='ltr'><strong>couico</strong></span> <span class='ocrx_word' id='word_1_199' title='bbox 1654 4104 1861 4219; x_wconf 74' lang='lat' dir='ltr'><strong>aequali,</strong></span> <span class='ocrx_word' id='word_1_200' title='bbox 1906 4109 2037 4197; x_wconf 76' lang='lat' dir='ltr'><strong>canda</strong></span> 
     </span>
     <span class='ocr_line' id='line_1_25' title="bbox 330 4246 1656 4368; baseline 0.001 -30"><span class='ocrx_word' id='word_1_201' title='bbox 330 4249 603 4368; x_wconf 77' lang='lat' dir='ltr'><strong>subaequali,</strong></span> <span class='ocrx_word' id='word_1_202' title='bbox 630 4247 760 4364; x_wconf 88' lang='lat' dir='ltr'><strong>pinna</strong></span> <span class='ocrx_word' id='word_1_203' title='bbox 788 4246 859 4331; x_wconf 91' lang='lat' dir='ltr'><strong>ani</strong></span> <span class='ocrx_word' id='word_1_204' title='bbox 887 4247 1230 4350; x_wconf 86' lang='lat' dir='ltr'><strong>novemradiata,</strong></span> <span class='ocrx_word' id='word_1_205' title='bbox 1259 4250 1415 4334; x_wconf 87' lang='lat' dir='ltr'><strong>dorsali</strong></span> <span class='ocrx_word' id='word_1_206' title='bbox 1443 4275 1656 4366; x_wconf 76' lang='lat' dir='ltr'><strong>punctura.</strong></span> 
     </span>
     <span class='ocr_line' id='line_1_26' title="bbox 548 4397 2051 4525; baseline -0.001 -40"><span class='ocrx_word' id='word_1_207' title='bbox 548 4407 620 4485; x_wconf 80' lang='lat' dir='ltr'><strong>Au</strong></span> <span class='ocrx_word' id='word_1_208' title='bbox 647 4397 782 4485; x_wconf 86' lang='lat' dir='ltr'><strong>white</strong></span> <span class='ocrx_word' id='word_1_209' title='bbox 810 4398 1009 4502; x_wconf 88' lang='lat' dir='ltr'><strong>Salmon,</strong></span> <span class='ocrx_word' id='word_1_210' title='bbox 1040 4401 1160 4485; x_wconf 83' lang='lat' dir='ltr'><strong>Pena.</strong></span> <span class='ocrx_word' id='word_1_211' title='bbox 1192 4407 1307 4488; x_wconf 84' lang='lat' dir='ltr'><strong>Zool.</strong></span> <span class='ocrx_word' id='word_1_212' title='bbox 1335 4405 1426 4487; x_wconf 80' lang='lat' dir='ltr'><strong>Brit</strong></span> <span class='ocrx_word' id='word_1_213' title='bbox 1466 4408 1571 4515; x_wconf 47' lang='lat' dir='ltr'><strong>(ufto,</strong></span> <span class='ocrx_word' id='word_1_214' title='bbox 1604 4408 1681 4493; x_wconf 82' lang='grc' dir='ltr'><strong>ΠΙ.</strong></span> <span class='ocrx_word' id='word_1_215' title='bbox 1711 4442 1754 4525; x_wconf 86' lang='lat' dir='ltr'><strong>p.</strong></span> <span class='ocrx_word' id='word_1_216' title='bbox 1789 4427 1892 4521; x_wconf 77' lang='lat'><strong>264.</strong></span> <span class='ocrx_word' id='word_1_217' title='bbox 2040 4468 2051 4483; x_wconf 94' lang='lat'><strong>.</strong></span> 
     </span>
     <span class='ocr_line' id='line_1_27' title="bbox 438 4548 1184 4669; baseline -0.005 -28"><span class='ocrx_word' id='word_1_218' title='bbox 438 4550 697 4669; x_wconf 82' lang='lat' dir='ltr'><strong>Neograecis</strong></span> <span class='ocrx_word' id='word_1_219' title='bbox 724 4550 772 4635; x_wconf 90' lang='lat' dir='ltr'><strong>iu</strong></span> <span class='ocrx_word' id='word_1_220' title='bbox 799 4548 954 4635; x_wconf 88' lang='lat' dir='ltr'><strong>Tauria</strong></span> <span class='ocrx_word' id='word_1_221' title='bbox 981 4555 1184 4637; x_wconf 75' lang='lat' dir='ltr'><strong>Laurobi.</strong></span> 
     </span>
     <span class='ocr_line' id='line_1_28' title="bbox 466 4676 2033 4827; baseline 0.007 -35"><span class='ocrx_word' id='word_1_222' title='bbox 466 4704 690 4793; x_wconf 86' lang='lat' dir='ltr'><strong>Occiditur</strong></span> <span class='ocrx_word' id='word_1_223' title='bbox 707 4676 847 4817; x_wconf 83' lang='lat' dir='ltr'><strong>¹saepe</strong></span> <span class='ocrx_word' id='word_1_224' title='bbox 875 4701 1024 4814; x_wconf 84' lang='lat' dir='ltr'><strong>jaculis</strong></span> <span class='ocrx_word' id='word_1_225' title='bbox 1053 4703 1098 4788; x_wconf 91' lang='lat' dir='ltr'><strong>in</strong></span> <span class='ocrx_word' id='word_1_226' title='bbox 1127 4702 1238 4791; x_wconf 83' lang='lat' dir='ltr'><strong>ostio</strong></span> <span class='ocrx_word' id='word_1_227' title='bbox 1266 4725 1410 4821; x_wconf 84' lang='lat' dir='ltr'><strong>portus</strong></span> <span class='ocrx_word' id='word_1_228' title='bbox 1438 4706 1814 4827; x_wconf 78' lang='lat' dir='ltr'><strong>Serastipolitani,</strong></span> <span class='ocrx_word' id='word_1_229' title='bbox 1846 4724 1965 4809; x_wconf 86' lang='lat' dir='ltr'><strong>uude</strong></span> <span class='ocrx_word' id='word_1_230' title='bbox 1989 4722 2033 4807; x_wconf 88' lang='lat' dir='ltr'><strong>in</strong></span> 
     </span>
     <span class='ocr_line' id='line_1_29' title="bbox 320 4852 2031 4975; baseline 0.008 -28"><span class='ocrx_word' id='word_1_231' title='bbox 320 4859 459 4951; x_wconf 75' lang='lat' dir='ltr'><strong>airum</strong></span> <span class='ocrx_word' id='word_1_232' title='bbox 487 4857 723 4971; x_wconf 78' lang='lat' dir='ltr'><strong>Bijulrosen</strong></span> <span class='ocrx_word' id='word_1_233' title='bbox 764 4852 1009 4970; x_wconf 88' lang='lat' dir='ltr'><strong>frequenter</strong></span> <span class='ocrx_word' id='word_1_234' title='bbox 1050 4857 1273 4946; x_wconf 83' lang='lat' dir='ltr'><strong>adscendit</strong></span> <span class='ocrx_word' id='word_1_235' title='bbox 1305 4879 1349 4945; x_wconf 90' lang='lat' dir='ltr'><strong>et</strong></span> <span class='ocrx_word' id='word_1_236' title='bbox 1382 4858 1540 4975; x_wconf 83' lang='lat' dir='ltr'><strong>passim</strong></span> <span class='ocrx_word' id='word_1_237' title='bbox 1568 4859 1682 4951; x_wconf 77' lang='lat' dir='ltr'><strong>circa</strong></span> <span class='ocrx_word' id='word_1_238' title='bbox 1710 4864 2031 4959; x_wconf 78' lang='lat' dir='ltr'><strong>Chersonesum</strong></span> 
     </span>
    </p>
   </div>
   <div class='ocr_carea' id='block_1_6' title="bbox 0 0 2206 5893">
    <p class='ocr_par' dir='ltr' id='par_1_8' title="bbox 0 0 2206 5893">
     <span class='ocr_line' id='line_1_30' title="bbox 0 0 2206 5893; baseline 0 0"><span class='ocrx_word' id='word_1_239' title='bbox 0 0 2206 5893; x_wconf 95' lang='lat' dir='ltr'><strong> </strong></span> 
     </span>
    </p>
   </div>
  </div>
 </body>
</html>
