<?xml version="1.0" encoding="UTF-8"?>
<!DOCTYPE html PUBLIC "-//W3C//DTD XHTML 1.0 Transitional//EN"
    "http://www.w3.org/TR/xhtml1/DTD/xhtml1-transitional.dtd">
<html xmlns="http://www.w3.org/1999/xhtml" xml:lang="en" lang="en">
 <head>
  <title>
</title>
<meta http-equiv="Content-Type" content="text/html;charset=utf-8" />
  <meta name='ocr-system' content='tesseract 3.04.00' />
  <meta name='ocr-capabilities' content='ocr_page ocr_carea ocr_par ocr_line ocrx_word'/>
</head>
<body>
  <div class='ocr_page' id='page_1' title='image "./zoographiarosso00pallgoog_0394.png"; bbox 0 0 4404 5902; ppageno 0'>
   <div class='ocr_carea' id='block_1_1' title="bbox 272 364 1193 463">
    <p class='ocr_par' dir='ltr' id='par_1_1' title="bbox 272 364 1193 463">
     <span class='ocr_line' id='line_1_1' title="bbox 272 364 1193 463; baseline -0.001 -20"><span class='ocrx_word' id='word_1_1' title='bbox 272 364 367 463; x_wconf 70' lang='lat'><strong>390</strong></span> <span class='ocrx_word' id='word_1_2' title='bbox 1044 386 1193 442; x_wconf 54' lang='lat' dir='ltr'>a</span> 
     </span>
    </p>
   </div>
   <div class='ocr_carea' id='block_1_2' title="bbox 235 580 1972 1163">
    <p class='ocr_par' dir='ltr' id='par_1_2' title="bbox 235 580 1972 1001">
     <span class='ocr_line' id='line_1_2' title="bbox 235 580 1972 705; baseline 0.006 -37"><span class='ocrx_word' id='word_1_3' title='bbox 235 590 238 595; x_wconf 77' lang='grc'>’</span> <span class='ocrx_word' id='word_1_4' title='bbox 278 612 356 668; x_wconf 85' lang='lat' dir='ltr'><strong>nec</strong></span> <span class='ocrx_word' id='word_1_5' title='bbox 384 582 471 668; x_wconf 90' lang='lat' dir='ltr'><strong>illis</strong></span> <span class='ocrx_word' id='word_1_6' title='bbox 500 609 594 672; x_wconf 90' lang='lat' dir='ltr'><strong>sunt</strong></span> <span class='ocrx_word' id='word_1_7' title='bbox 620 583 832 689; x_wconf 79' lang='lat' dir='ltr'><strong>salubres,</strong></span> <span class='ocrx_word' id='word_1_8' title='bbox 875 581 1033 701; x_wconf 86' lang='lat' dir='ltr'><strong>quippe</strong></span> <span class='ocrx_word' id='word_1_9' title='bbox 1068 581 1315 670; x_wconf 75' lang='lat' dir='ltr'><strong>debilitatos</strong></span> <span class='ocrx_word' id='word_1_10' title='bbox 1349 580 1451 669; x_wconf 83' lang='lat' dir='ltr'><strong>inde</strong></span> <span class='ocrx_word' id='word_1_11' title='bbox 1480 583 1567 673; x_wconf 80' lang='lat' dir='ltr'><strong>alvi</strong></span> <span class='ocrx_word' id='word_1_12' title='bbox 1593 581 1854 702; x_wconf 80' lang='lat' dir='ltr'><strong>profluvium</strong></span> <span class='ocrx_word' id='word_1_13' title='bbox 1880 587 1972 705; x_wconf 75' lang='lat' dir='ltr'><strong>pari</strong></span> 
     </span>
     <span class='ocr_line' id='line_1_3' title="bbox 277 735 1970 855; baseline 0.007 -36"><span class='ocrx_word' id='word_1_14' title='bbox 277 738 541 821; x_wconf 88' lang='lat' dir='ltr'><strong>observatum</strong></span> <span class='ocrx_word' id='word_1_15' title='bbox 571 762 649 823; x_wconf 88' lang='lat' dir='ltr'><strong>est.</strong></span> <span class='ocrx_word' id='word_1_16' title='bbox 707 737 810 820; x_wconf 92' lang='lat' dir='ltr'><strong>Dira</strong></span> <span class='ocrx_word' id='word_1_17' title='bbox 844 759 987 821; x_wconf 87' lang='lat' dir='ltr'><strong>tamen</strong></span> <span class='ocrx_word' id='word_1_18' title='bbox 1026 738 1157 833; x_wconf 83' lang='lat' dir='ltr'><strong>fames</strong></span> <span class='ocrx_word' id='word_1_19' title='bbox 1191 735 1322 821; x_wconf 91' lang='lat' dir='ltr'><strong>etiam</strong></span> <span class='ocrx_word' id='word_1_20' title='bbox 1356 737 1704 832; x_wconf 61' lang='lat' dir='ltr'><strong>insolentiarum</strong></span> <span class='ocrx_word' id='word_1_21' title='bbox 1745 743 1970 855; x_wconf 86' lang='lat' dir='ltr'><strong>regionum</strong></span> 
     </span>
     <span class='ocr_line' id='line_1_4' title="bbox 277 887 1175 1001; baseline 0.001 -32"><span class='ocrx_word' id='word_1_22' title='bbox 277 887 393 1001; x_wconf 79' lang='lat' dir='ltr'><strong>cogit</strong></span> <span class='ocrx_word' id='word_1_23' title='bbox 423 892 475 972; x_wconf 87' lang='lat' dir='ltr'><strong>ad</strong></span> <span class='ocrx_word' id='word_1_24' title='bbox 504 889 589 973; x_wconf 86' lang='lat' dir='ltr'><strong>tale</strong></span> <span class='ocrx_word' id='word_1_25' title='bbox 621 889 923 974; x_wconf 86' lang='lat' dir='ltr'><strong>nutrimentum</strong></span> <span class='ocrx_word' id='word_1_26' title='bbox 950 917 1175 974; x_wconf 87' lang='lat' dir='ltr'><strong>recurrere.</strong></span> 
     </span>
    </p>

    <p class='ocr_par' dir='ltr' id='par_1_3' title="bbox 413 1039 1970 1163">
     <span class='ocr_line' id='line_1_5' title="bbox 413 1039 1970 1163; baseline 0.005 -41"><span class='ocrx_word' id='word_1_27' title='bbox 413 1040 523 1125; x_wconf 86' lang='lat' dir='ltr'><strong>Des</strong></span> <span class='ocrx_word' id='word_1_28' title='bbox 538 1073 605 1126; x_wconf 91' lang='lat' dir='ltr'><strong>cr.</strong></span> <span class='ocrx_word' id='word_1_29' title='bbox 663 1042 813 1124; x_wconf 84' lang='lat' dir='ltr'><strong>Forma</strong></span> <span class='ocrx_word' id='word_1_30' title='bbox 839 1039 1005 1124; x_wconf 84' lang='lat' dir='ltr'><strong>accedit</strong></span> <span class='ocrx_word' id='word_1_31' title='bbox 1034 1043 1086 1124; x_wconf 86' lang='lat' dir='ltr'><strong>ed</strong></span> <span class='ocrx_word' id='word_1_32' title='bbox 1113 1045 1335 1134; x_wconf 87' lang='lat' dir='ltr'><strong>Osmerum</strong></span> <span class='ocrx_word' id='word_1_33' title='bbox 1371 1039 1667 1163; x_wconf 86' lang='lat' dir='ltr'><strong>Spirinchum.</strong></span> <span class='ocrx_word' id='word_1_34' title='bbox 1709 1072 1799 1158; x_wconf 88' lang='lat' dir='ltr'><strong>quo</strong></span> <span class='ocrx_word' id='word_1_35' title='bbox 1837 1053 1970 1157; x_wconf 81' lang='lat' dir='ltr'><strong>major</strong></span> 
     </span>
    </p>
   </div>
   <div class='ocr_carea' id='block_1_3' title="bbox 273 1190 1964 1311">
    <p class='ocr_par' dir='ltr' id='par_1_4' title="bbox 273 1190 1964 1311">
     <span class='ocr_line' id='line_1_6' title="bbox 273 1190 1964 1311; baseline 0.005 -36"><span class='ocrx_word' id='word_1_36' title='bbox 273 1212 363 1290; x_wconf 82' lang='lat' dir='ltr'><strong>est3</strong></span> <span class='ocrx_word' id='word_1_37' title='bbox 402 1190 711 1305; x_wconf 81' lang='lat' dir='ltr'><strong>longitudinem</strong></span> <span class='ocrx_word' id='word_1_38' title='bbox 737 1213 881 1274; x_wconf 88' lang='lat' dir='ltr'><strong>tamen</strong></span> <span class='ocrx_word' id='word_1_39' title='bbox 912 1226 938 1301; x_wconf 87' lang='lat'><strong><em>7</em></strong></span> <span class='ocrx_word' id='word_1_40' title='bbox 964 1192 1071 1304; x_wconf 89' lang='lat' dir='ltr'><strong>poll.</strong></span> <span class='ocrx_word' id='word_1_41' title='bbox 1100 1192 1324 1278; x_wconf 72' lang='lat' dir='ltr'><strong>latitudine</strong></span> <span class='ocrx_word' id='word_1_42' title='bbox 1353 1195 1482 1305; x_wconf 81' lang='lat' dir='ltr'><strong>unum</strong></span> <span class='ocrx_word' id='word_1_43' title='bbox 1508 1222 1724 1309; x_wconf 86' lang='lat' dir='ltr'><strong>nunquam</strong></span> <span class='ocrx_word' id='word_1_44' title='bbox 1750 1220 1964 1311; x_wconf 86' lang='lat' dir='ltr'><strong>superant.</strong></span> 
     </span>
    </p>
   </div>
   <div class='ocr_carea' id='block_1_4' title="bbox 254 1344 1964 4950">
    <p class='ocr_par' dir='ltr' id='par_1_5' title="bbox 254 1344 1964 4950">
     <span class='ocr_line' id='line_1_7' title="bbox 274 1344 1964 1461; baseline 0.005 -32"><span class='ocrx_word' id='word_1_45' title='bbox 274 1347 414 1459; x_wconf 84' lang='lat' dir='ltr'><strong>Caput</strong></span> <span class='ocrx_word' id='word_1_46' title='bbox 444 1345 642 1457; x_wconf 90' lang='lat' dir='ltr'><strong>longum,</strong></span> <span class='ocrx_word' id='word_1_47' title='bbox 671 1372 981 1459; x_wconf 89' lang='lat' dir='ltr'><strong>compressum,</strong></span> <span class='ocrx_word' id='word_1_48' title='bbox 1009 1365 1142 1429; x_wconf 85' lang='lat' dir='ltr'><strong>rostro</strong></span> <span class='ocrx_word' id='word_1_49' title='bbox 1169 1345 1386 1458; x_wconf 87' lang='lat' dir='ltr'><strong>producto,</strong></span> <span class='ocrx_word' id='word_1_50' title='bbox 1418 1344 1577 1431; x_wconf 79' lang='lat' dir='ltr'><strong>vertice</strong></span> <span class='ocrx_word' id='word_1_51' title='bbox 1606 1346 1750 1461; x_wconf 86' lang='lat' dir='ltr'><strong>plano.</strong></span> <span class='ocrx_word' id='word_1_52' title='bbox 1780 1351 1964 1437; x_wconf 74' lang='lat' dir='ltr'><strong>Maxilla</strong></span> 
     </span>
     <span class='ocr_line' id='line_1_8' title="bbox 271 1492 1963 1623; baseline 0.005 -43"><span class='ocrx_word' id='word_1_53' title='bbox 271 1499 439 1597; x_wconf 78' lang='lat' dir='ltr'><strong>infen‘or</strong></span> <span class='ocrx_word' id='word_1_54' title='bbox 464 1495 677 1611; x_wconf 87' lang='lat' dir='ltr'><strong>superiore</strong></span> <span class='ocrx_word' id='word_1_55' title='bbox 703 1495 871 1613; x_wconf 76' lang='lat' dir='ltr'><strong>longior</strong></span> <span class='ocrx_word' id='word_1_56' title='bbox 898 1518 942 1578; x_wconf 85' lang='lat' dir='ltr'><strong>et</strong></span> <span class='ocrx_word' id='word_1_57' title='bbox 967 1492 1207 1607; x_wconf 54' lang='lat' dir='ltr'><strong>angustior}</strong></span> <span class='ocrx_word' id='word_1_58' title='bbox 1232 1506 1359 1608; x_wconf 75' lang='lat' dir='ltr'><strong>rictus</strong></span> <span class='ocrx_word' id='word_1_59' title='bbox 1385 1498 1575 1613; x_wconf 66' lang='lat' dir='ltr'><strong>ampluss</strong></span> <span class='ocrx_word' id='word_1_60' title='bbox 1610 1528 1735 1585; x_wconf 79' lang='lat' dir='ltr'><strong>nares</strong></span> <span class='ocrx_word' id='word_1_61' title='bbox 1765 1500 1963 1623; x_wconf 81' lang='lat' dir='ltr'><strong>utrinque</strong></span> 
     </span>
     <span class='ocr_line' id='line_1_9' title="bbox 272 1645 1961 1761; baseline 0.007 -32"><span class='ocrx_word' id='word_1_62' title='bbox 272 1645 467 1760; x_wconf 86' lang='lat' dir='ltr'><strong>geminae</strong></span> <span class='ocrx_word' id='word_1_63' title='bbox 496 1648 747 1761; x_wconf 83' lang='lat' dir='ltr'><strong>contiguae,</strong></span> <span class='ocrx_word' id='word_1_64' title='bbox 775 1647 821 1730; x_wconf 92' lang='lat' dir='ltr'><strong>in</strong></span> <span class='ocrx_word' id='word_1_65' title='bbox 849 1647 1001 1731; x_wconf 83' lang='lat' dir='ltr'><strong>fossula</strong></span> <span class='ocrx_word' id='word_1_66' title='bbox 1027 1646 1239 1759; x_wconf 88' lang='lat' dir='ltr'><strong>oblonga,</strong></span> <span class='ocrx_word' id='word_1_67' title='bbox 1280 1647 1425 1737; x_wconf 85' lang='lat' dir='ltr'><strong>medio</strong></span> <span class='ocrx_word' id='word_1_68' title='bbox 1451 1647 1564 1732; x_wconf 88' lang='lat' dir='ltr'><strong>inter</strong></span> <span class='ocrx_word' id='word_1_69' title='bbox 1590 1650 1738 1733; x_wconf 89' lang='lat' dir='ltr'><strong>oculos</strong></span> <span class='ocrx_word' id='word_1_70' title='bbox 1766 1673 1814 1734; x_wconf 87' lang='lat' dir='ltr'><strong>et</strong></span> <span class='ocrx_word' id='word_1_71' title='bbox 1843 1655 1961 1739; x_wconf 85' lang='lat' dir='ltr'><strong>rostri</strong></span> 
     </span>
     <span class='ocr_line' id='line_1_10' title="bbox 271 1795 1958 1914; baseline 0.006 -32"><span class='ocrx_word' id='word_1_72' title='bbox 271 1796 438 1912; x_wconf 77' lang='lat' dir='ltr'><strong>apicem</strong></span> <span class='ocrx_word' id='word_1_73' title='bbox 468 1797 617 1914; x_wconf 81' lang='lat' dir='ltr'><strong>spatio.</strong></span> <span class='ocrx_word' id='word_1_74' title='bbox 656 1799 781 1888; x_wconf 82' lang='lat' dir='ltr'><strong>Oculi</strong></span> <span class='ocrx_word' id='word_1_75' title='bbox 808 1799 861 1882; x_wconf 89' lang='lat' dir='ltr'><strong>ad</strong></span> <span class='ocrx_word' id='word_1_76' title='bbox 888 1795 1126 1898; x_wconf 78' lang='lat' dir='ltr'><strong>verticem,</strong></span> <span class='ocrx_word' id='word_1_77' title='bbox 1152 1828 1178 1880; x_wconf 83' lang='lat' dir='ltr'><strong>a</strong></span> <span class='ocrx_word' id='word_1_78' title='bbox 1208 1819 1342 1884; x_wconf 88' lang='lat' dir='ltr'><strong>rostro</strong></span> <span class='ocrx_word' id='word_1_79' title='bbox 1369 1797 1682 1902; x_wconf 86' lang='lat' dir='ltr'><strong>remotiusculi,</strong></span> <span class='ocrx_word' id='word_1_80' title='bbox 1716 1805 1958 1907; x_wconf 68' lang='lat' dir='ltr'><strong>majusculis</strong></span> 
     </span>
     <span class='ocr_line' id='line_1_11' title="bbox 269 1952 1957 2070; baseline 0.002 -36"><span class='ocrx_word' id='word_1_81' title='bbox 269 1952 349 2035; x_wconf 81' lang='lat' dir='ltr'><strong>lrls</strong></span> <span class='ocrx_word' id='word_1_82' title='bbox 391 1952 498 2055; x_wconf 83' lang='lat' dir='ltr'><strong>lata,</strong></span> <span class='ocrx_word' id='word_1_83' title='bbox 556 1978 681 2035; x_wconf 86' lang='lat' dir='ltr'><strong>aureo</strong></span> <span class='ocrx_word' id='word_1_84' title='bbox 695 1971 952 2062; x_wconf 86' lang='lat' dir='ltr'><strong>-argentea,</strong></span> <span class='ocrx_word' id='word_1_85' title='bbox 1008 1956 1167 2064; x_wconf 82' lang='lat' dir='ltr'><strong>pupillo</strong></span> <span class='ocrx_word' id='word_1_86' title='bbox 1207 1977 1347 2034; x_wconf 83' lang='lat' dir='ltr'><strong>versus</strong></span> <span class='ocrx_word' id='word_1_87' title='bbox 1387 1972 1566 2034; x_wconf 88' lang='lat' dir='ltr'><strong>rostrum</strong></span> <span class='ocrx_word' id='word_1_88' title='bbox 1598 1972 1767 2037; x_wconf 66' lang='lat' dir='ltr'><strong>orate·</strong></span> <span class='ocrx_word' id='word_1_89' title='bbox 1800 1959 1957 2070; x_wconf 68' lang='lat' dir='ltr'><strong>lingue</strong></span> 
     </span>
     <span class='ocr_line' id='line_1_12' title="bbox 269 2098 1953 2224; baseline 0.004 -37"><span class='ocrx_word' id='word_1_90' title='bbox 269 2124 405 2187; x_wconf 86' lang='lat' dir='ltr'><strong>acuta.</strong></span> <span class='ocrx_word' id='word_1_91' title='bbox 463 2106 615 2188; x_wconf 86' lang='lat' dir='ltr'><strong>Dentes</strong></span> <span class='ocrx_word' id='word_1_92' title='bbox 656 2098 927 2205; x_wconf 85' lang='lat' dir='ltr'><strong>mintissimi,</strong></span> <span class='ocrx_word' id='word_1_93' title='bbox 986 2121 1102 2191; x_wconf 88' lang='lat' dir='ltr'><strong>tactu</strong></span> <span class='ocrx_word' id='word_1_94' title='bbox 1140 2123 1305 2189; x_wconf 87' lang='lat' dir='ltr'><strong>tantum</strong></span> <span class='ocrx_word' id='word_1_95' title='bbox 1347 2102 1625 2224; x_wconf 72' lang='lat' dir='ltr'><strong>explorandi,</strong></span> <span class='ocrx_word' id='word_1_96' title='bbox 1677 2105 1728 2191; x_wconf 87' lang='lat' dir='ltr'><strong>in</strong></span> <span class='ocrx_word' id='word_1_97' title='bbox 1771 2109 1953 2223; x_wconf 81' lang='lat' dir='ltr'><strong>margins</strong></span> 
     </span>
     <span class='ocr_line' id='line_1_13' title="bbox 268 2252 1950 2377; baseline 0.004 -39"><span class='ocrx_word' id='word_1_98' title='bbox 268 2253 569 2353; x_wconf 80' lang='lat' dir='ltr'><strong>maxillamm,</strong></span> <span class='ocrx_word' id='word_1_99' title='bbox 597 2252 780 2339; x_wconf 88' lang='lat' dir='ltr'><strong>laminae</strong></span> <span class='ocrx_word' id='word_1_100' title='bbox 809 2275 1072 2366; x_wconf 86' lang='lat' dir='ltr'><strong>mystaceae,</strong></span> <span class='ocrx_word' id='word_1_101' title='bbox 1100 2255 1239 2337; x_wconf 86' lang='lat' dir='ltr'><strong>areola</strong></span> <span class='ocrx_word' id='word_1_102' title='bbox 1266 2252 1463 2368; x_wconf 88' lang='lat' dir='ltr'><strong>linguae,</strong></span> <span class='ocrx_word' id='word_1_103' title='bbox 1493 2275 1538 2337; x_wconf 90' lang='lat' dir='ltr'><strong>et</strong></span> <span class='ocrx_word' id='word_1_104' title='bbox 1564 2253 1730 2370; x_wconf 90' lang='lat' dir='ltr'><strong>duplici</strong></span> <span class='ocrx_word' id='word_1_105' title='bbox 1759 2258 1866 2344; x_wconf 84' lang='lat' dir='ltr'><strong>stria</strong></span> <span class='ocrx_word' id='word_1_106' title='bbox 1889 2290 1950 2377; x_wconf 83' lang='lat' dir='ltr'><strong>pa·</strong></span> 
     </span>
     <span class='ocr_line' id='line_1_14' title="bbox 265 2402 1949 2520; baseline 0.005 -31"><span class='ocrx_word' id='word_1_107' title='bbox 265 2403 361 2489; x_wconf 89' lang='lat' dir='ltr'><strong>lati.</strong></span> <span class='ocrx_word' id='word_1_108' title='bbox 390 2456 440 2472; x_wconf 94' lang='lat'><em>-</em></span> <span class='ocrx_word' id='word_1_109' title='bbox 468 2406 676 2520; x_wconf 80' lang='lat' dir='ltr'><strong>Operculo</strong></span> <span class='ocrx_word' id='word_1_110' title='bbox 702 2402 1000 2490; x_wconf 84' lang='lat' dir='ltr'><strong>branchiarum</strong></span> <span class='ocrx_word' id='word_1_111' title='bbox 1026 2429 1248 2518; x_wconf 85' lang='lat' dir='ltr'><strong>argentea,</strong></span> <span class='ocrx_word' id='word_1_112' title='bbox 1276 2408 1499 2491; x_wconf 77' lang='lat' dir='ltr'><strong>rotundatu</strong></span> <span class='ocrx_word' id='word_1_113' title='bbox 1525 2405 1610 2490; x_wconf 84' lang='lat' dir='ltr'><strong>late</strong></span> <span class='ocrx_word' id='word_1_114' title='bbox 1637 2403 1840 2512; x_wconf 82' lang='lat' dir='ltr'><strong>hiantia;</strong></span> <span class='ocrx_word' id='word_1_115' title='bbox 1866 2412 1949 2498; x_wconf 71' lang='lat' dir='ltr'><strong>fta·</strong></span> 
     </span>
     <span class='ocr_line' id='line_1_15' title="bbox 269 2555 1945 2679; baseline 0.005 -38"><span class='ocrx_word' id='word_1_116' title='bbox 269 2555 380 2643; x_wconf 86' lang='lat' dir='ltr'><strong>bello</strong></span> <span class='ocrx_word' id='word_1_117' title='bbox 405 2557 660 2647; x_wconf 77' lang='lat' dir='ltr'><strong>bronclzlalio</strong></span> <span class='ocrx_word' id='word_1_118' title='bbox 688 2556 1080 2641; x_wconf 77' lang='lat' dir='ltr'><strong>decemlamellata.·</strong></span> <span class='ocrx_word' id='word_1_119' title='bbox 1124 2560 1285 2672; x_wconf 82' lang='lat' dir='ltr'><strong>Corpus</strong></span> <span class='ocrx_word' id='word_1_120' title='bbox 1309 2584 1593 2676; x_wconf 83' lang='lat' dir='ltr'><strong>compressum</strong></span> <span class='ocrx_word' id='word_1_121' title='bbox 1605 2618 1620 2656; x_wconf 83' lang='lat'><em>,</em></span> <span class='ocrx_word' id='word_1_122' title='bbox 1647 2556 1945 2679; x_wconf 81' lang='lat' dir='ltr'><strong>microlepido</strong></span> 
     </span>
     <span class='ocr_line' id='line_1_16' title="bbox 265 2706 1944 2822; baseline 0.003 -28"><span class='ocrx_word' id='word_1_123' title='bbox 265 2730 377 2815; x_wconf 85' lang='lat' dir='ltr'><strong>tum,</strong></span> <span class='ocrx_word' id='word_1_124' title='bbox 404 2713 529 2797; x_wconf 89' lang='lat' dir='ltr'><strong>dorso</strong></span> <span class='ocrx_word' id='word_1_125' title='bbox 557 2709 827 2794; x_wconf 76' lang='lat' dir='ltr'><strong>suboliraceo</strong></span> <span class='ocrx_word' id='word_1_126' title='bbox 855 2737 1001 2822; x_wconf 89' lang='lat' dir='ltr'><strong>opaco,</strong></span> <span class='ocrx_word' id='word_1_127' title='bbox 1030 2737 1126 2793; x_wconf 88' lang='lat' dir='ltr'><strong>cum</strong></span> <span class='ocrx_word' id='word_1_128' title='bbox 1155 2708 1369 2792; x_wconf 84' lang='lat' dir='ltr'><strong>relucente</strong></span> <span class='ocrx_word' id='word_1_129' title='bbox 1398 2706 1549 2815; x_wconf 84' lang='lat' dir='ltr'><strong>virore,</strong></span> <span class='ocrx_word' id='word_1_130' title='bbox 1580 2709 1786 2797; x_wconf 88' lang='lat' dir='ltr'><strong>lateribus</strong></span> <span class='ocrx_word' id='word_1_131' title='bbox 1812 2742 1944 2801; x_wconf 77' lang='lat' dir='ltr'><strong>secun</strong></span> 
     </span>
     <span class='ocr_line' id='line_1_17' title="bbox 267 2858 1940 2979; baseline 0.003 -35"><span class='ocrx_word' id='word_1_132' title='bbox 267 2862 369 2944; x_wconf 86' lang='lat' dir='ltr'><strong>dum</strong></span> <span class='ocrx_word' id='word_1_133' title='bbox 392 2859 555 2944; x_wconf 89' lang='lat' dir='ltr'><strong>&#39;lineam</strong></span> <span class='ocrx_word' id='word_1_134' title='bbox 578 2861 797 2945; x_wconf 87' lang='lat' dir='ltr'><strong>lateralem</strong></span> <span class='ocrx_word' id='word_1_135' title='bbox 825 2858 1107 2955; x_wconf 84' lang='lat' dir='ltr'><strong>subaureolis,</strong></span> <span class='ocrx_word' id='word_1_136' title='bbox 1146 2858 1255 2947; x_wconf 83' lang='lat' dir='ltr'><strong>infra</strong></span> <span class='ocrx_word' id='word_1_137' title='bbox 1280 2862 1461 2953; x_wconf 85' lang='lat' dir='ltr'><strong>eandem</strong></span> <span class='ocrx_word' id='word_1_138' title='bbox 1487 2859 1713 2978; x_wconf 84' lang='lat' dir='ltr'><strong>purissime</strong></span> <span class='ocrx_word' id='word_1_139' title='bbox 1740 2886 1940 2979; x_wconf 75' lang='lat' dir='ltr'><strong>argentea</strong></span> 
     </span>
     <span class='ocr_line' id='line_1_18' title="bbox 267 3009 1938 3127; baseline 0.001 -28"><span class='ocrx_word' id='word_1_140' title='bbox 267 3014 395 3099; x_wconf 78' lang='lat' dir='ltr'><strong>Linea</strong></span> <span class='ocrx_word' id='word_1_141' title='bbox 422 3018 605 3097; x_wconf 73' lang='lat' dir='ltr'><strong>lateralis</strong></span> <span class='ocrx_word' id='word_1_142' title='bbox 631 3009 888 3113; x_wconf 84' lang='lat' dir='ltr'><strong>rectissima,</strong></span> <span class='ocrx_word' id='word_1_143' title='bbox 933 3011 1056 3094; x_wconf 87' lang='lat' dir='ltr'><strong>dorso</strong></span> <span class='ocrx_word' id='word_1_144' title='bbox 1083 3009 1265 3096; x_wconf 74' lang='lat' dir='ltr'><strong>vicinior</strong></span> <span class='ocrx_word' id='word_1_145' title='bbox 1291 3028 1335 3113; x_wconf 65' lang='grc' dir='ltr'><strong>ξς</strong></span> <span class='ocrx_word' id='word_1_146' title='bbox 1390 3042 1516 3127; x_wconf 83' lang='lat' dir='ltr'><strong>supra</strong></span> <span class='ocrx_word' id='word_1_147' title='bbox 1541 3016 1724 3099; x_wconf 81' lang='lat' dir='ltr'><strong>eandem</strong></span> <span class='ocrx_word' id='word_1_148' title='bbox 1750 3014 1938 3103; x_wconf 75' lang='lat' dir='ltr'><strong>contina·</strong></span> 
     </span>
     <span class='ocr_line' id='line_1_19' title="bbox 254 3159 1938 3277; baseline 0.004 -31"><span class='ocrx_word' id='word_1_149' title='bbox 254 3166 398 3275; x_wconf 78' lang='lat' dir='ltr'><strong>fascio</strong></span> <span class='ocrx_word' id='word_1_150' title='bbox 431 3202 448 3250; x_wconf 85' lang='lat'>1</span> <span class='ocrx_word' id='word_1_151' title='bbox 479 3161 637 3247; x_wconf 88' lang='lat' dir='ltr'><strong>lineam</strong></span> <span class='ocrx_word' id='word_1_152' title='bbox 664 3163 770 3265; x_wconf 87' lang='lat' dir='ltr'><strong>lata,</strong></span> <span class='ocrx_word' id='word_1_153' title='bbox 800 3159 989 3276; x_wconf 87' lang='lat' dir='ltr'><strong>hispida,</strong></span> <span class='ocrx_word' id='word_1_154' title='bbox 1016 3161 1153 3246; x_wconf 84' lang='lat' dir='ltr'><strong>obsita</strong></span> <span class='ocrx_word' id='word_1_155' title='bbox 1178 3170 1406 3277; x_wconf 82' lang='lat' dir='ltr'><strong>squamulis</strong></span> <span class='ocrx_word' id='word_1_156' title='bbox 1430 3163 1738 3269; x_wconf 78' lang='lat' dir='ltr'><strong>subtilissimis,</strong></span> <span class='ocrx_word' id='word_1_157' title='bbox 1769 3189 1938 3255; x_wconf 66' lang='lat' dir='ltr'><strong>semeso</strong></span> 
     </span>
     <span class='ocr_line' id='line_1_20' title="bbox 264 3278 1932 3430; baseline 0.001 -29"><span class='ocrx_word' id='word_1_158' title='bbox 264 3278 424 3420; x_wconf 81' lang='lat' dir='ltr'><strong>acutis,</strong></span> <span class='ocrx_word' id='word_1_159' title='bbox 456 3313 716 3401; x_wconf 80' lang='lat' dir='ltr'><strong>substractis.</strong></span> <span class='ocrx_word' id='word_1_160' title='bbox 745 3316 948 3430; x_wconf 77' lang='lat' dir='ltr'><strong>Squarrme</strong></span> <span class='ocrx_word' id='word_1_161' title='bbox 976 3313 1105 3396; x_wconf 89' lang='lat' dir='ltr'><strong>etiam</strong></span> <span class='ocrx_word' id='word_1_162' title='bbox 1131 3326 1297 3399; x_wconf 80' lang='lat' dir='ltr'><strong>carinae</strong></span> <span class='ocrx_word' id='word_1_163' title='bbox 1324 3323 1518 3402; x_wconf 83' lang='lat' dir='ltr'><strong>ventrolls</strong></span> <span class='ocrx_word' id='word_1_164' title='bbox 1546 3339 1754 3421; x_wconf 81' lang='lat' dir='ltr'><strong>setaceae,</strong></span> <span class='ocrx_word' id='word_1_165' title='bbox 1787 3340 1932 3419; x_wconf 73' lang='lat' dir='ltr'><strong>acum,</strong></span> 
     </span>
     <span class='ocr_line' id='line_1_21' title="bbox 265 3465 1932 3586; baseline -0.002 -34"><span class='ocrx_word' id='word_1_166' title='bbox 265 3491 514 3553; x_wconf 87' lang='lat' dir='ltr'><strong>serraturam</strong></span> <span class='ocrx_word' id='word_1_167' title='bbox 541 3465 772 3559; x_wconf 83' lang='lat' dir='ltr'><strong>efficientes</strong></span> <span class='ocrx_word' id='word_1_168' title='bbox 801 3469 932 3576; x_wconf 88' lang='lat' dir='ltr'><strong>(undo</strong></span> <span class='ocrx_word' id='word_1_169' title='bbox 960 3469 1061 3550; x_wconf 82' lang='lat' dir='ltr'><strong>Mill</strong></span> <span class='ocrx_word' id='word_1_170' title='bbox 1070 3472 1174 3551; x_wconf 87' lang='lat' dir='ltr'><strong>lero</strong></span> <span class='ocrx_word' id='word_1_171' title='bbox 1204 3469 1360 3582; x_wconf 82' lang='lat' dir='ltr'><strong>Clupea</strong></span> <span class='ocrx_word' id='word_1_172' title='bbox 1388 3465 1544 3578; x_wconf 88' lang='lat' dir='ltr'><strong>dictus)</strong></span> <span class='ocrx_word' id='word_1_173' title='bbox 1559 3504 1573 3565; x_wconf 75' lang='grc' dir='ltr'><strong><em>ς</em></strong></span> <span class='ocrx_word' id='word_1_174' title='bbox 1599 3472 1646 3581; x_wconf 83' lang='lat' dir='ltr'><strong>iu</strong></span> <span class='ocrx_word' id='word_1_175' title='bbox 1668 3470 1837 3586; x_wconf 88' lang='lat' dir='ltr'><strong>reliquo</strong></span> <span class='ocrx_word' id='word_1_176' title='bbox 1859 3496 1932 3559; x_wconf 85' lang='lat' dir='ltr'><strong>cor·</strong></span> 
     </span>
     <span class='ocr_line' id='line_1_22' title="bbox 261 3618 1928 3735; baseline -0.002 -32"><span class='ocrx_word' id='word_1_177' title='bbox 261 3650 369 3733; x_wconf 90' lang='lat' dir='ltr'><strong>pore</strong></span> <span class='ocrx_word' id='word_1_178' title='bbox 398 3619 729 3722; x_wconf 85' lang='lat' dir='ltr'><strong>minutissimae,</strong></span> <span class='ocrx_word' id='word_1_179' title='bbox 771 3619 967 3720; x_wconf 87' lang='lat' dir='ltr'><strong>strictae,</strong></span> <span class='ocrx_word' id='word_1_180' title='bbox 1009 3642 1056 3702; x_wconf 93' lang='lat' dir='ltr'><strong>ut</strong></span> <span class='ocrx_word' id='word_1_181' title='bbox 1091 3619 1137 3700; x_wconf 92' lang='lat' dir='ltr'><strong>in</strong></span> <span class='ocrx_word' id='word_1_182' title='bbox 1165 3619 1387 3732; x_wconf 86' lang='lat' dir='ltr'><strong>Eperlano.</strong></span> <span class='ocrx_word' id='word_1_183' title='bbox 1445 3622 1599 3704; x_wconf 78' lang='lat' dir='ltr'><strong>Pinnae</strong></span> <span class='ocrx_word' id='word_1_184' title='bbox 1635 3630 1862 3735; x_wconf 81' lang='lat' dir='ltr'><strong>pectorales</strong></span> <span class='ocrx_word' id='word_1_185' title='bbox 1886 3618 1928 3701; x_wconf 81' lang='lat' dir='ltr'><strong>td</strong></span> 
     </span>
     <span class='ocr_line' id='line_1_23' title="bbox 262 3769 1928 3886; baseline -0.001 -30"><span class='ocrx_word' id='word_1_186' title='bbox 262 3769 355 3886; x_wconf 87' lang='lat' dir='ltr'><strong>ipsa</strong></span> <span class='ocrx_word' id='word_1_187' title='bbox 382 3773 579 3885; x_wconf 81' lang='lat' dir='ltr'><strong>opercula</strong></span> <span class='ocrx_word' id='word_1_188' title='bbox 607 3771 779 3883; x_wconf 86' lang='lat' dir='ltr'><strong>oblique</strong></span> <span class='ocrx_word' id='word_1_189' title='bbox 807 3792 949 3872; x_wconf 89' lang='lat' dir='ltr'><strong>ortae,</strong></span> <span class='ocrx_word' id='word_1_190' title='bbox 983 3799 1184 3884; x_wconf 86' lang='lat' dir='ltr'><strong>magnae,</strong></span> <span class='ocrx_word' id='word_1_191' title='bbox 1223 3785 1270 3857; x_wconf 77' lang='lat' dir='ltr'><strong>re</strong></span> <span class='ocrx_word' id='word_1_192' title='bbox 1298 3771 1529 3876; x_wconf 88' lang='lat' dir='ltr'><strong>radiorum,</strong></span> <span class='ocrx_word' id='word_1_193' title='bbox 1557 3802 1738 3884; x_wconf 82' lang='lat' dir='ltr'><strong>quorum</strong></span> <span class='ocrx_word' id='word_1_194' title='bbox 1768 3777 1851 3857; x_wconf 89' lang='lat' dir='ltr'><strong>duo</strong></span> <span class='ocrx_word' id='word_1_195' title='bbox 1875 3800 1928 3854; x_wconf 84' lang='lat' dir='ltr'><strong>an.</strong></span> 
     </span>
     <span class='ocr_line' id='line_1_24' title="bbox 261 3920 1928 4041; baseline 0.001 -35"><span class='ocrx_word' id='word_1_196' title='bbox 261 3924 437 4007; x_wconf 89' lang='lat' dir='ltr'><strong>teriores</strong></span> <span class='ocrx_word' id='word_1_197' title='bbox 467 3921 708 4036; x_wconf 81' lang='lat' dir='ltr'><strong>simplices3</strong></span> <span class='ocrx_word' id='word_1_198' title='bbox 762 3952 805 4041; x_wconf 92' lang='lat' dir='ltr'><strong>p.</strong></span> <span class='ocrx_word' id='word_1_199' title='bbox 832 3931 1031 4007; x_wconf 82' lang='lat' dir='ltr'><strong>ventroles</strong></span> <span class='ocrx_word' id='word_1_200' title='bbox 1060 3921 1214 4009; x_wconf 81' lang='lat' dir='ltr'><strong>dorsali</strong></span> <span class='ocrx_word' id='word_1_201' title='bbox 1244 3923 1490 4037; x_wconf 81' lang='lat' dir='ltr'><strong>oppositae,</strong></span> <span class='ocrx_word' id='word_1_202' title='bbox 1528 3922 1685 4008; x_wconf 89' lang='lat' dir='ltr'><strong>itidem</strong></span> <span class='ocrx_word' id='word_1_203' title='bbox 1716 3948 1813 4010; x_wconf 91' lang='lat' dir='ltr'><strong>ortu</strong></span> <span class='ocrx_word' id='word_1_204' title='bbox 1840 3920 1928 4011; x_wconf 75' lang='lat' dir='ltr'><strong>obli</strong></span> 
     </span>
     <span class='ocr_line' id='line_1_25' title="bbox 260 4074 1929 4191; baseline 0.001 -32"><span class='ocrx_word' id='word_1_205' title='bbox 260 4108 347 4191; x_wconf 89' lang='lat' dir='ltr'><strong>quo</strong></span> <span class='ocrx_word' id='word_1_206' title='bbox 358 4102 377 4173; x_wconf 81' lang='lat'><strong>,&#39;</strong></span> <span class='ocrx_word' id='word_1_207' title='bbox 409 4074 717 4172; x_wconf 81' lang='lat' dir='ltr'><strong>octomdiatee3</strong></span> <span class='ocrx_word' id='word_1_208' title='bbox 776 4078 1069 4187; x_wconf 76' lang='lat' dir='ltr'><strong>appendiculae</strong></span> <span class='ocrx_word' id='word_1_209' title='bbox 1112 4075 1454 4188; x_wconf 85' lang='lat' dir='ltr'><strong>squamisormes,</strong></span> <span class='ocrx_word' id='word_1_210' title='bbox 1498 4100 1544 4159; x_wconf 87' lang='lat' dir='ltr'><strong>ut</strong></span> <span class='ocrx_word' id='word_1_211' title='bbox 1579 4075 1625 4159; x_wconf 89' lang='lat' dir='ltr'><strong>in</strong></span> <span class='ocrx_word' id='word_1_212' title='bbox 1655 4082 1866 4191; x_wconf 83' lang='lat' dir='ltr'><strong>Eperlano</strong></span> <span class='ocrx_word' id='word_1_213' title='bbox 1894 4098 1929 4161; x_wconf 84' lang='lat' dir='ltr'><strong>et</strong></span> 
     </span>
     <span class='ocr_line' id='line_1_26' title="bbox 263 4225 1928 4341; baseline 0.004 -32"><span class='ocrx_word' id='word_1_214' title='bbox 263 4225 490 4341; x_wconf 85' lang='lat' dir='ltr'><strong>Spirincho</strong></span> <span class='ocrx_word' id='word_1_215' title='bbox 519 4227 675 4310; x_wconf 88' lang='lat' dir='ltr'><strong>nullae.</strong></span> <span class='ocrx_word' id='word_1_216' title='bbox 732 4232 776 4310; x_wconf 92' lang='lat' dir='ltr'><strong>P.</strong></span> <span class='ocrx_word' id='word_1_217' title='bbox 808 4240 877 4309; x_wconf 85' lang='lat' dir='ltr'><strong>anl</strong></span> <span class='ocrx_word' id='word_1_218' title='bbox 905 4258 1079 4341; x_wconf 88' lang='lat' dir='ltr'><strong>magna,</strong></span> <span class='ocrx_word' id='word_1_219' title='bbox 1122 4229 1228 4330; x_wconf 87' lang='lat' dir='ltr'><strong>lata,</strong></span> <span class='ocrx_word' id='word_1_220' title='bbox 1274 4251 1536 4340; x_wconf 84' lang='lat' dir='ltr'><strong>segmentum</strong></span> <span class='ocrx_word' id='word_1_221' title='bbox 1565 4230 1720 4315; x_wconf 88' lang='lat' dir='ltr'><strong>circuli</strong></span> <span class='ocrx_word' id='word_1_222' title='bbox 1751 4236 1928 4327; x_wconf 69' lang='lat' dir='ltr'><strong>reserens,</strong></span> 
     </span>
     <span class='ocr_line' id='line_1_27' title="bbox 263 4376 1928 4497; baseline 0.003 -34"><span class='ocrx_word' id='word_1_223' title='bbox 263 4376 536 4492; x_wconf 86' lang='lat' dir='ltr'><strong>insidensque</strong></span> <span class='ocrx_word' id='word_1_224' title='bbox 555 4379 722 4464; x_wconf 80' lang='lat' dir='ltr'><strong>carinae</strong></span> <span class='ocrx_word' id='word_1_225' title='bbox 746 4379 1142 4478; x_wconf 86' lang='lat' dir='ltr'><strong>carnoso-radiatae,</strong></span> <span class='ocrx_word' id='word_1_226' title='bbox 1171 4380 1295 4464; x_wconf 79' lang='lat' dir='ltr'><strong>valde</strong></span> <span class='ocrx_word' id='word_1_227' title='bbox 1323 4379 1601 4495; x_wconf 83' lang='lat' dir='ltr'><strong>prominulae,</strong></span> <span class='ocrx_word' id='word_1_228' title='bbox 1631 4381 1725 4497; x_wconf 85' lang='lat' dir='ltr'><strong>ipso</strong></span> <span class='ocrx_word' id='word_1_229' title='bbox 1752 4406 1928 4469; x_wconf 68' lang='lat' dir='ltr'><strong>connum</strong></span> 
     </span>
     <span class='ocr_line' id='line_1_28' title="bbox 259 4528 1927 4650; baseline 0.002 -36"><span class='ocrx_word' id='word_1_230' title='bbox 259 4528 389 4614; x_wconf 82' lang='lat' dir='ltr'><strong>radiis</strong></span> <span class='ocrx_word' id='word_1_231' title='bbox 420 4565 465 4613; x_wconf 68' lang='grc' dir='ltr'><strong>αι</strong></span> <span class='ocrx_word' id='word_1_232' title='bbox 500 4531 569 4614; x_wconf 88' lang='lat' dir='ltr'><strong>vel</strong></span> <span class='ocrx_word' id='word_1_233' title='bbox 600 4566 663 4615; x_wconf 76' lang='lat'><strong>22.</strong></span> <span class='ocrx_word' id='word_1_234' title='bbox 721 4537 766 4615; x_wconf 87' lang='lat' dir='ltr'><strong>P.</strong></span> <span class='ocrx_word' id='word_1_235' title='bbox 794 4533 906 4617; x_wconf 81' lang='lat' dir='ltr'><strong>dorsi</strong></span> <span class='ocrx_word' id='word_1_236' title='bbox 933 4533 1238 4646; x_wconf 85' lang='lat' dir='ltr'><strong>subquadrata,</strong></span> <span class='ocrx_word' id='word_1_237' title='bbox 1274 4532 1486 4617; x_wconf 83' lang='lat' dir='ltr'><strong>radiorum</strong></span> <span class='ocrx_word' id='word_1_238' title='bbox 1520 4567 1597 4631; x_wconf 83' lang='lat' dir='ltr'><strong>ra;</strong></span> <span class='ocrx_word' id='word_1_239' title='bbox 1640 4537 1819 4650; x_wconf 77' lang='lat' dir='ltr'><strong>adiposo</strong></span> <span class='ocrx_word' id='word_1_240' title='bbox 1847 4556 1927 4619; x_wconf 82' lang='lat' dir='ltr'><strong>autc</strong></span> 
     </span>
     <span class='ocr_line' id='line_1_29' title="bbox 258 4681 1928 4796; baseline 0.006 -30"><span class='ocrx_word' id='word_1_241' title='bbox 258 4684 434 4766; x_wconf 82' lang='lat' dir='ltr'><strong>caudam</strong></span> <span class='ocrx_word' id='word_1_242' title='bbox 469 4681 741 4786; x_wconf 86' lang='lat' dir='ltr'><strong>tenuissima,</strong></span> <span class='ocrx_word' id='word_1_243' title='bbox 799 4705 991 4788; x_wconf 88' lang='lat' dir='ltr'><strong>arcuata,</strong></span> <span class='ocrx_word' id='word_1_244' title='bbox 1049 4705 1221 4794; x_wconf 80' lang='lat' dir='ltr'><strong>totaque</strong></span> <span class='ocrx_word' id='word_1_245' title='bbox 1258 4684 1525 4796; x_wconf 88' lang='lat' dir='ltr'><strong>longitudine</strong></span> <span class='ocrx_word' id='word_1_246' title='bbox 1567 4688 1737 4774; x_wconf 78' lang='lat' dir='ltr'><strong>adnata.</strong></span> <span class='ocrx_word' id='word_1_247' title='bbox 1798 4686 1928 4775; x_wconf 76' lang='lat' dir='ltr'><strong>caula</strong></span> 
     </span>
     <span class='ocr_line' id='line_1_30' title="bbox 260 4833 1557 4950; baseline 0.004 -30"><span class='ocrx_word' id='word_1_248' title='bbox 260 4854 402 4945; x_wconf 66' lang='lat' dir='ltr'><strong>argute</strong></span> <span class='ocrx_word' id='word_1_249' title='bbox 429 4833 634 4950; x_wconf 84' lang='lat' dir='ltr'><strong>lorcipata</strong></span> <span class='ocrx_word' id='word_1_250' title='bbox 648 4893 663 4936; x_wconf 90' lang='lat'><em>,</em></span> <span class='ocrx_word' id='word_1_251' title='bbox 689 4835 817 4922; x_wconf 86' lang='lat' dir='ltr'><strong>radiis</strong></span> <span class='ocrx_word' id='word_1_252' title='bbox 853 4849 912 4922; x_wconf 76' lang='grc' dir='ltr'><strong>ιδ.</strong></span> <span class='ocrx_word' id='word_1_253' title='bbox 941 4834 1186 4926; x_wconf 79' lang='lat' dir='ltr'><strong>articulatis.</strong></span> <span class='ocrx_word' id='word_1_254' title='bbox 1243 4837 1461 4929; x_wconf 82' lang='lat' dir='ltr'><strong>Vertebrae</strong></span> <span class='ocrx_word' id='word_1_255' title='bbox 1489 4849 1557 4929; x_wconf 83' lang='grc'><strong>68.</strong></span> 
     </span>
    </p>
   </div>
   <div class='ocr_carea' id='block_1_5' title="bbox 0 0 2206 5896">
    <p class='ocr_par' dir='ltr' id='par_1_6' title="bbox 0 0 2206 5896">
     <span class='ocr_line' id='line_1_31' title="bbox 0 0 2206 5896; baseline 0 0"><span class='ocrx_word' id='word_1_256' title='bbox 0 0 2206 5896; x_wconf 95' lang='lat' dir='ltr'><strong> </strong></span> 
     </span>
    </p>
   </div>
  </div>
 </body>
</html>
