4404 5902
911 322 1069 376 ..s-2
1418 308 1420 313 ’
1750 296 1834 399 189

114 525 274 598 soniidn
298 525 463 596 olivaceo
488 525 614 596 colore
640 549 682 598 ac
709 527 834 601 lividis
860 535 1014 620 punctis·
1035 534 1148 617 varia,
1183 533 1342 624 simplex
1370 552 1449 603 non·
1468 532 1840 622 forcipalaerrt're'ma·

112 654 471 738 circumscriptione·
489 653 627 740 resima
648 673 716 719 seu·
737 654 874 720 lineam·
896 662 1040 722 rectam·
1063 653 1262 738 describit;
1306 667 1348 726 at
1372 658 1531 749 piscibus
1558 677 1612 721 ex·
1634 662 1733 754 aquis
1760 679 1828 725 ex·
1901 665 1903 667 ’

112 777 255 842 tractis
282 782 321 840 et
346 777 382 838 in
409 792 517 838 arena
544 773 696 840 caudam
730 780 960 844 motantibus
988 775 1172 844 levissime
1205 778 1357 848 finditur
1383 801 1426 847 ac
1453 784 1517 844 vix
1544 774 1637 842 mihi·
1659 798 1736 845 non·
1757 784 1826 846 im·

113 899 328 987 posuisset,
369 901 410 961 ut
442 895 594 960 caudam
626 895 842 987 forcipatarn
882 898 1068 964 dixissem.
1134 904 1274 989 Corpus
1314 911 1543 982 extremum,
1584 919 1664 986 qua
1687 901 1833 969 caudae·
1866 878 1871 884 ’

112 1021 274 1108 pinnam
301 1018 402 1085 subit
425 1020 690 1102 acuminatum,
732 1019 846 1086 forma
880 1040 1043 1086 cuneum·
1068 1019 1200 1103 refert,
1240 1044 1416 1110 quaeres
1444 1027 1562 1089 rarior
1587 1024 1624 1085 in
1652 1022 1822 1108 piscibus.

110 1144 237 1210 &inea
268 1136 432 1206 lateralis
465 1158 572 1225 supra
603 1145 828 1227 superiorem
866 1141 1006 1207 ualvae·
1035 1141 1255 1208 branchialis
1294 1145 1479 1211 cardinem
1512 1152 1602 1210 orta
1621 1141 1666 1206 ab
1693 1147 1825 1209 exortu

107 1260 312 1351 usquead
338 1267 489 1328 sextrrm·
510 1260 651 1325 radium
677 1263 855 1328 secundae
884 1268 1014 1351 pinnae
1040 1263 1200 1329 dorsalis
1220 1264 1354 1333 leviter
1382 1272 1543 1348 arcuata,
1574 1285 1719 1349 crassa,·
1738 1285 1825 1331 con·

107 1391 248 1467 tinua,
276 1381 464 1449 albescens
489 1402 530 1447 ac
557 1381 665 1449 valle
691 1389 904 1472 conspicua,
935 1384 982 1450 ab
1009 1383 1092 1450 hinc
1120 1384 1295 1453 deorsum
1318 1394 1522 1468 curvatum·
1541 1407 1590 1452 ac·
1609 1391 1655 1452 in·
1675 1394 1722 1456 253
1749 1391 1823 1453 oir-

104 1515 220 1578 citer
244 1511 430 1574 commata·
450 1503 691 1570 flavescentia
711 1507 986 1573 discontinuata·
1005 1525 1071 1593 per
1097 1507 1264 1572 medium
1283 1527 1416 1595 corpus
1443 1507 1488 1573 ad
1515 1507 1668 1574 caudam
1696 1515 1823 1576 extre-

102 1651 219 1699 mam
245 1612 602 1715 usquc'excurrunt.
666 1631 772 1693 Anus·
805 1629 995 1694 circularis
1030 1628 1122 1693 infra
1162 1649 1249 1693 eum
1287 1632 1430 1695 vesicae
1472 1632 1649 1695 urinariae
1683 1629 1823 1697 collum

100 1755 304 1846 prominet
329 1746 405 1815 fere
430 1750 475 1814 ins
487 1748 616 1815 medio·
632 1753 726 1818 situs
736 1792 759 1836 p
788 1753 850 1816 ori.
868 1756 998 1817 tamen
1016 1749 1065 1817 ad
1094 1760 1131 1840 13
1155 1747 1337 1837 pollicem
1354 1752 1524 1839 proprior
1557 1769 1676 1838 quarn
1694 1757 1826 1818 extre·

106 1895 198 1946 nae
229 1873 378 1940 caudas.-

727 2005 983 2087 Olscroati'oner
1010 2012 1222 2088 anatomiam.

221 2145 400 2211 Dissect'o·
418 2144 526 2232 pisce>
546 2148 794 2234 apparuerunt
808 2167 877 2206 -ε
905 2142 1033 2210 Pleura
1060 2146 1232 2230 argentea
1260 2137 1378 2207 fuscis·
1395 2140 1539 2229 punctis
1565 2137 1702 2207 crebris
1728 2140 1822 2207 irrui

105 2276 221 2352 rata,
251 2265 487 2355 diaphragma
514 2265 709 2333 candidum
734 2263 953 2352 diaphanum
980 2282 1071 2332 cum·
1089 2264 1225 2354 hepate
1252 2262 1544 2329 mediantibuss
1571 2268 1687 2344 venis,
1730 2279 1820 2350 quas

103 2393 362 2476 transmittit,
404 2397 658 2471 coniunctum,
699 2390 794 2454 intra
833 2383 1070 2476 diaphragma
1110 2388 1159 2476 (ir.
1199 2385 1273 2453 tab.
1310 2385 1418 2452 xvn.
1448 2383 1507 2471 iig.
1541 2380 1590 2474 r.)
1616 2384 1819 2474 apparebat

103 2509 373 2605 pericardiunr'
404 2528 521 2578 aureo·
551 2506 771 2597 diaphanum
808 2512 1072 2576 tenuissimum.
1137 2511 1225 2580 Tab.
1257 2505 1365 2579 xvli.
1400 2505 1460 2592 fig.
1496 2526 1525 2578 1.
1555 2505 1597 2568 Α.
1649 2507 1722 2572 Cor
1749 2521 1817 2594 pro

102 2634 220 2704 mole
251 2637 368 2721 piscis·
386 2652 552 2721 parvum,
579 2631 799 2719 angul'osum'
820 2631 979 2727 quidem,
1008 2630 1080 2697 sed*
1096 2649 1179 2697 non⁴
1195 2635 1395 2719 trigonum3
1423 2645 1560 2693 verum¹¹
1578 2628 1692 2714 magis
1716 2634 1819 2694 teres

102 2764 149 2827 et
180 2752 323 2822 humile
349 2755 581 2843 depressum,
615 2768 770 2839 superne
797 2760 922 2819 aortae
946 2760 1088 2820 trunco
1104 2752 1270 2820 varicoso
1298 2749 1487 2831 tirbul‘oso3
1513 2749 1556 2816 et'
1579 2747 1728 2815 inferius
1755 2764 1817 2816 vet
1911 2815 1912 2818 ,

104 2891 209 2950 noea
236 2877 360 2944 radice
387 2875 619 2958 instructum,
647 2881 751 2941 aorta
777 2895 851 2943 non
878 2880 914 2940 in
942 2890 1069 2940 ramos
1089 2882 1198 2942 extra
1223 2871 1414 2940 branchias
1441 2874 1659 2958 conspicuos
1685 2870 1816 2936 diflusa·-

106 3000 242 3084 ditur,
270 3007 311 3067 ut
336 3003 377 3065 in
400 2999 530 3065 A'sello·
551 2998 682 3080 eous,
710 2992 778 3062 sed'
801 2996 1055 3082 uno-simplici
1081 2993 1414 3062 ramo-branchias*
1430 3007 1554 3080 usque*
1571 2996 1691 3081 pergit
1743 2997 1817 3062 H'e«

108 3145 186 3216 par
213 3120 321 3209 (Tab.
350 3127 458 3191 XVII.
488 3122 548 3206 fig.
584 3143 611 3187 ι.
640 3120 692 3205 h.)
720 3119 881 3185 albidum
907 3117 1069 3184 bilobum
1096 3136 1166 3182 una
1197 3125 1308 3204 parte
1330 3113 1498 3200 pylorum
1524 3119 1564 3178 e't
1591 3113 1817 3201 appendices

110 3244 168 3335 (ε)
196 3250 310 3333 tegit,
346 3268 388 3313 ac
414 3241 468 3311 ad¹
485 3262 566 3310 oras
593 3239 823 3324 laciniafurn,
859 3240 961 3306 alter·
979 3239 1134 3325 longior·
1147 3237 1266 3304 lobna·
1285 3235 1342 3301 ad‘
1357 3232 1516 3300 fundum·
1532 3249 1647 3320 usque
1673 3234 1813 3298 ventri·

11 3370 17 3377 ’
111 3368 194 3438 culi
223 3373 269 3434 in·
287 3373 431 3436 sinistro
464 3366 583 3433 latere
616 3367 736 3452 pergit
771 3361 880 3448 (Tab‘
899 3367 1007 3430 xvii.
1048 3362 1107 3445 lig,
1141 3378 1169 3423 r.
1199 3361 1287 3442 B;)·.
1345 3357 1446 3424 Gula·
1476 3372 1549 3420 una
1572 3357 1683 3420 t'ertia
1709 3359 1814 3441 parte

10 3520 12 3528 ·
111 3496 241 3573 teres,
268 3495 423 3573 arctior,
452 3491 633 3569 strictior,
662 3485 707 3550 ab
735 3484 824 3549 hinc·
844 3481 1045 3571 ampliatus·
1067 3482 1209 3546 sensim·
1224 3474 1462 3564 oesophagus'
1479 3477 1524 3541 ad
1553 3490 1708 3541 saccum·
1725 3493 1813 3540 ven·

10 3613 15 3713 ᾗ
108 3611 244 3682 tricun
270 3617 388 3700 pergit
413 3614 499 3678 satis
525 3625 715 3696 capacem,
756 3606 904 3695 pylorus
930 3620 1080 3669 sursum·
1097 3604 1295 3689 porrigitur
1320 3597 1640 3686 acappendicum
1658 3597 1814 3664 lateritii

10 3732 21 3853 ξ
110 3738 255 3804 eoloris
280 3738 578 3803 tenuissimarum·
601 3729 839 3820 pollicarium'
859 3733 1049 3792 innumera
1072 3731 1229 3790 caterva
1250 3721 1353 3787 velut
1378 3737 1513 3785 corona
1538 3698 1704 3804 cingitu?
1722 3716 1811 3787 Tabe

110 3863 214 3928 XIX.
244 3857 302 3946 fig.
338 3853 715 3928 r.eeeTab.XV11.
744 3850 803 3939 fig.
843 3872 899 3932 r.;
942 3845 1019 3935 (’ϊι)’Ι
1042 3845 1088 3910 ab
1121 3843 1209 3910 hinc
1237 3839 1654 3908 intestinumad'anuni
1679 3836 1810 3905 tendit}

110 3979 294 4050 Vesicula
319 3978 420 4046 fellis·
442 3998 590 4067 magna,
631 3975 745 4042 forma
784 3977 895 4038 ovata
931 3968 1029 4036 felle·
1060 3966 1166 4033 viridi
1202 3962 1344 4053 repleta
1369 3982 1411 4030 ac
1439 3960 1504 4029 sub
1529 3959 1687 4050 hepatis·
1700 3961 1818 4025 tertio>

110 4101 209 4173 labo
235 4107 272 4168 in
298 4101 437 4176 dextro
456 4100 571 4168 l'atere
600 4093 800 4164 recondita:
855 4096 949 4158 tien·
965 4090 1138 4181 pollicem
1165 4087 1313 4172 longum
1340 4081 1562 4171 triangulare
1581 4100 1602 4166 ς’
1624 4081 1691 4146 sub
1717 4083 1812 4146 inte·-

108 4230 217 4296 utino
244 4235 348 4292 recto
374 4225 452 4310 (fig.
488 4249 520 4294 ι.
546 4225 590 4298 e.)
617 4223 738 4286 vesica
764 4220 922 4281 urinaria
954 4219 1043 4280 satis
1068 4209 1235 4289 evidens,
1275 4210 1323 4271 in·
1339 4208 1509 4271 cavitate
1527 4203 1731 4270 abdominis
1758 4206 1812 4268 in·

107 4344 172 4416 fia
201 4364 310 4413 anum
336 4345 539 4427 recondito,
566 4363 608 4410 ac
634 4336 764 4422 fundo,
792 4342 942 4404 carinae·
961 4337 1100 4402 ventris
1125 4336 1291 4411 acereta,
1319 4324 1419 4393 collo
1445 4328 1618 4392 exterius
1635 4322 1811 4411 protube-

106 4486 212 4541 rans.
269 4468 374 4556 (lab.
404 4470 512 4537 xvn.
543 4465 602 4554 fig.
637 4487 665 4531 1.
685 4462 735 4550 fi)
799 4464 881 4525 Hoc⁴
907 4465 1037 4526 autern·
1061 4453 1147 4520 mihi
1182 4467 1337 4540 prorsus¹
1362 4445 1552 4512 insolitum
1575 4447 1680 4511 ac‘in
1706 4439 1815 4510 nullo·

103 4600 224 4662 antea
252 4595 353 4679 pisce
379 4590 611 4659 obser-vatum
638 4582 746 4674 fuit,¹
765 4581 864 4672 quod
889 4579 1078 4645 abdomen.
1095 4576 1201 4643 ultra
1217 4589 1333 4637 anum‘
1350 4566 1408 4634 ad'
1422 4566 1524 4632 diros¹
1540 4562 1711 4632 hucdum=
1727 4562 1809 4650 pol·-

101 4714 205 4787 lices
233 4714 484 4799 extendatur3
524 4708 612 4774 Tab.
642 4712 731 4775 xvi.
766 4711 806 4767 Α.
837 4724 975 4770 cavum.
994 4707 1127 4765 autem:
1144 4691 1227 4760 boo
1240 4692 1354 4759 lactes
1381 4695 1560 4777 exparte
1586 4685 1632 4752 et'
1651 4692 1808 4750 vesicam

100 4841 315 4911 mariam
341 4833 453 4904 fovet.
522 4833 648 4900 Laetis·
664 4831 702 4895 iu
727 4845 828 4895 mara
855 4826 971 4914 figura
995 4839 1152 4915 prorsus
1171 4832 1203 4885 a*
1220 4815 1446 4904 reliqporurn
1471 4812 1627 4900 piscium
1651 4797 1819 4876 lactibus

10 4038 14 4081 i
