<?xml version="1.0" encoding="UTF-8"?>
<!DOCTYPE html PUBLIC "-//W3C//DTD XHTML 1.0 Transitional//EN"
    "http://www.w3.org/TR/xhtml1/DTD/xhtml1-transitional.dtd">
<html xmlns="http://www.w3.org/1999/xhtml" xml:lang="en" lang="en">
 <head>
  <title>
</title>
<meta http-equiv="Content-Type" content="text/html;charset=utf-8" />
  <meta name='ocr-system' content='tesseract 3.04.00' />
  <meta name='ocr-capabilities' content='ocr_page ocr_carea ocr_par ocr_line ocrx_word'/>
</head>
<body>
  <div class='ocr_page' id='page_1' title='image "./zoographiarosso00pallgoog_0085.png"; bbox 0 0 4404 5902; ppageno 0'>
   <div class='ocr_carea' id='block_1_1' title="bbox 387 418 1327 520">
    <p class='ocr_par' dir='ltr' id='par_1_1' title="bbox 387 418 1327 520">
     <span class='ocr_line' id='line_1_1' title="bbox 387 418 1327 520; baseline 0.001 -11"><span class='ocrx_word' id='word_1_1' title='bbox 387 418 451 520; x_wconf 79' lang='lat'>68</span> <span class='ocrx_word' id='word_1_2' title='bbox 1178 430 1327 488; x_wconf 51' lang='grc' dir='ltr'>Ε</span> 
     </span>
    </p>
   </div>
   <div class='ocr_carea' id='block_1_2' title="bbox 303 634 2100 4863">
    <p class='ocr_par' dir='ltr' id='par_1_2' title="bbox 385 634 2081 1110">
     <span class='ocr_line' id='line_1_2' title="bbox 385 634 2078 744; baseline -0.01 -18"><span class='ocrx_word' id='word_1_3' title='bbox 385 655 493 726; x_wconf 85' lang='lat' dir='ltr'>labiis</span> <span class='ocrx_word' id='word_1_4' title='bbox 517 650 765 724; x_wconf 86' lang='lat' dir='ltr'>crassiusculis</span> <span class='ocrx_word' id='word_1_5' title='bbox 790 650 973 744; x_wconf 88' lang='lat' dir='ltr'>papilloso</span> <span class='ocrx_word' id='word_1_6' title='bbox 1008 651 1171 722; x_wconf 72' lang='lat' dir='ltr'>scabris:</span> <span class='ocrx_word' id='word_1_7' title='bbox 1218 647 1333 715; x_wconf 88' lang='lat' dir='ltr'>rictus</span> <span class='ocrx_word' id='word_1_8' title='bbox 1371 639 1500 711; x_wconf 87' lang='lat' dir='ltr'>ordine</span> <span class='ocrx_word' id='word_1_9' title='bbox 1537 639 1646 708; x_wconf 87' lang='lat' dir='ltr'>unico</span> <span class='ocrx_word' id='word_1_10' title='bbox 1670 634 1836 708; x_wconf 87' lang='lat' dir='ltr'>dentium</span> <span class='ocrx_word' id='word_1_11' title='bbox 1861 638 2078 709; x_wconf 82' lang='lat' dir='ltr'>sonicomm</span> 
     </span>
     <span class='ocr_line' id='line_1_3' title="bbox 387 759 2079 859; baseline -0.009 -12"><span class='ocrx_word' id='word_1_12' title='bbox 387 777 571 859; x_wconf 86' lang='lat' dir='ltr'>circulari,</span> <span class='ocrx_word' id='word_1_13' title='bbox 598 775 894 844; x_wconf 81' lang='lat' dir='ltr'>inferiorioribus</span> <span class='ocrx_word' id='word_1_14' title='bbox 919 775 1114 847; x_wconf 85' lang='lat' dir='ltr'>maioribus</span> <span class='ocrx_word' id='word_1_15' title='bbox 1137 773 1218 841; x_wconf 82' lang='lat' dir='ltr'>basi</span> <span class='ocrx_word' id='word_1_16' title='bbox 1243 768 1443 848; x_wconf 79' lang='lat' dir='ltr'>connexis,</span> <span class='ocrx_word' id='word_1_17' title='bbox 1470 762 1612 841; x_wconf 80' lang='lat' dir='ltr'>duobus</span> <span class='ocrx_word' id='word_1_18' title='bbox 1638 761 1784 850; x_wconf 86' lang='lat' dir='ltr'>paribus</span> <span class='ocrx_word' id='word_1_19' title='bbox 1809 759 2079 830; x_wconf 83' lang='lat' dir='ltr'>bimucronatis</span> 
     </span>
     <span class='ocr_line' id='line_1_4' title="bbox 390 880 2081 986; baseline -0.008 -18"><span class='ocrx_word' id='word_1_20' title='bbox 390 918 518 968; x_wconf 79' lang='lat' dir='ltr'>sersus</span> <span class='ocrx_word' id='word_1_21' title='bbox 543 906 710 967; x_wconf 82' lang='lat' dir='ltr'><strong>centrum</strong></span> <span class='ocrx_word' id='word_1_22' title='bbox 734 897 916 983; x_wconf 85' lang='lat' dir='ltr'>faucium,</span> <span class='ocrx_word' id='word_1_23' title='bbox 954 904 994 967; x_wconf 90' lang='lat' dir='ltr'>et</span> <span class='ocrx_word' id='word_1_24' title='bbox 1015 896 1142 986; x_wconf 86' lang='lat' dir='ltr'>lingua</span> <span class='ocrx_word' id='word_1_25' title='bbox 1165 887 1452 980; x_wconf 76' lang='lat' dir='ltr'><strong>hemisphaerica</strong></span> <span class='ocrx_word' id='word_1_26' title='bbox 1482 903 1570 953; x_wconf 83' lang='lat' dir='ltr'>arcu</span> <span class='ocrx_word' id='word_1_27' title='bbox 1595 880 1878 952; x_wconf 85' lang='lat' dir='ltr'>denticellorum</span> <span class='ocrx_word' id='word_1_28' title='bbox 1901 889 2081 955; x_wconf 77' lang='lat' dir='ltr'>coronata</span> 
     </span>
     <span class='ocr_line' id='line_1_5' title="bbox 393 1019 1195 1110; baseline -0.007 -20"><span class='ocrx_word' id='word_1_29' title='bbox 393 1027 435 1090; x_wconf 85' lang='lat' dir='ltr'>et</span> <span class='ocrx_word' id='word_1_30' title='bbox 460 1019 600 1110; x_wconf 86' lang='lat' dir='ltr'>papilla</span> <span class='ocrx_word' id='word_1_31' title='bbox 627 1019 782 1089; x_wconf 86' lang='lat' dir='ltr'>centrali</span> <span class='ocrx_word' id='word_1_32' title='bbox 810 1022 989 1087; x_wconf 86' lang='lat' dir='ltr'>instructa</span> <span class='ocrx_word' id='word_1_33' title='bbox 1018 1025 1195 1087; x_wconf 87' lang='lat' dir='ltr'>armatus.</span> 
     </span>
    </p>

    <p class='ocr_par' dir='ltr' id='par_1_3' title="bbox 303 1127 2100 3644">
     <span class='ocr_line' id='line_1_6' title="bbox 495 1127 2090 1231; baseline -0.007 -25"><span class='ocrx_word' id='word_1_34' title='bbox 495 1144 735 1231; x_wconf 83' lang='lat' dir='ltr'>Petromyzou</span> <span class='ocrx_word' id='word_1_35' title='bbox 761 1136 1050 1211; x_wconf 88' lang='lat' dir='ltr'>Camtschaticus</span> <span class='ocrx_word' id='word_1_36' title='bbox 1077 1139 1237 1206; x_wconf 88' lang='lat' dir='ltr'>medium</span> <span class='ocrx_word' id='word_1_37' title='bbox 1266 1137 1364 1203; x_wconf 87' lang='lat' dir='ltr'>inter</span> <span class='ocrx_word' id='word_1_38' title='bbox 1394 1136 1602 1220; x_wconf 85' lang='lat' dir='ltr'>Lampetras</span> <span class='ocrx_word' id='word_1_39' title='bbox 1628 1134 1667 1197; x_wconf 84' lang='lat' dir='ltr'>et</span> <span class='ocrx_word' id='word_1_40' title='bbox 1690 1131 1988 1216; x_wconf 79' lang='lat' dir='ltr'>Petromyzontes</span> <span class='ocrx_word' id='word_1_41' title='bbox 2013 1127 2090 1195; x_wconf 86' lang='lat' dir='ltr'>ilu-</span> 
     </span>
     <span class='ocr_line' id='line_1_7' title="bbox 396 1248 2091 1356; baseline -0.008 -23"><span class='ocrx_word' id='word_1_42' title='bbox 396 1260 544 1333; x_wconf 74' lang='lat' dir='ltr'>sialiter</span> <span class='ocrx_word' id='word_1_43' title='bbox 572 1269 731 1352; x_wconf 88' lang='lat' dir='ltr'>occupat</span> <span class='ocrx_word' id='word_1_44' title='bbox 756 1260 880 1329; x_wconf 91' lang='lat' dir='ltr'>locum</span> <span class='ocrx_word' id='word_1_45' title='bbox 905 1268 945 1327; x_wconf 83' lang='lat' dir='ltr'>et</span> <span class='ocrx_word' id='word_1_46' title='bbox 980 1259 1146 1356; x_wconf 85' lang='lat' dir='ltr'>profecto</span> <span class='ocrx_word' id='word_1_47' title='bbox 1183 1254 1447 1347; x_wconf 77' lang='lat' dir='ltr'>posterioribus</span> <span class='ocrx_word' id='word_1_48' title='bbox 1470 1252 1518 1319; x_wconf 93' lang='lat' dir='ltr'>ob</span> <span class='ocrx_word' id='word_1_49' title='bbox 1544 1248 1709 1319; x_wconf 82' lang='lat' dir='ltr'>habitum</span> <span class='ocrx_word' id='word_1_50' title='bbox 1734 1254 1773 1316; x_wconf 91' lang='lat' dir='ltr'>et</span> <span class='ocrx_word' id='word_1_51' title='bbox 1797 1251 1979 1337; x_wconf 77' lang='lat' dir='ltr'>picturam</span> <span class='ocrx_word' id='word_1_52' title='bbox 2002 1270 2091 1319; x_wconf 87' lang='lat' dir='ltr'>cor·</span> 
     </span>
     <span class='ocr_line' id='line_1_8' title="bbox 303 1367 2095 1475; baseline -0.007 -23"><span class='ocrx_word' id='word_1_53' title='bbox 303 1402 309 1411; x_wconf 92' lang='lat'>·</span> <span class='ocrx_word' id='word_1_54' title='bbox 398 1388 500 1475; x_wconf 90' lang='lat' dir='ltr'>poris</span> <span class='ocrx_word' id='word_1_55' title='bbox 526 1383 843 1466; x_wconf 85' lang='lat' dir='ltr'>adnumerassem,</span> <span class='ocrx_word' id='word_1_56' title='bbox 894 1386 964 1449; x_wconf 90' lang='lat' dir='ltr'>nisi</span> <span class='ocrx_word' id='word_1_57' title='bbox 999 1402 1058 1449; x_wconf 90' lang='lat' dir='ltr'>me</span> <span class='ocrx_word' id='word_1_58' title='bbox 1095 1385 1286 1470; x_wconf 82' lang='lat' dir='ltr'>praesente</span> <span class='ocrx_word' id='word_1_59' title='bbox 1323 1371 1553 1442; x_wconf 87' lang='lat' dir='ltr'>individuum</span> <span class='ocrx_word' id='word_1_60' title='bbox 1577 1375 1614 1438; x_wconf 90' lang='lat' dir='ltr'>in</span> <span class='ocrx_word' id='word_1_61' title='bbox 1638 1373 1742 1440; x_wconf 90' lang='lat' dir='ltr'>icone</span> <span class='ocrx_word' id='word_1_62' title='bbox 1769 1367 1876 1462; x_wconf 86' lang='lat' dir='ltr'>(Tab.</span> <span class='ocrx_word' id='word_1_63' title='bbox 1901 1373 1963 1437; x_wconf 77' lang='lat' dir='ltr'>IX.</span> <span class='ocrx_word' id='word_1_64' title='bbox 1988 1373 2095 1462; x_wconf 85' lang='lat' dir='ltr'>mea)</span> 
     </span>
     <span class='ocr_line' id='line_1_9' title="bbox 398 1489 2096 1595; baseline -0.009 -22"><span class='ocrx_word' id='word_1_65' title='bbox 398 1504 587 1595; x_wconf 89' lang='lat' dir='ltr'>depictum</span> <span class='ocrx_word' id='word_1_66' title='bbox 612 1524 694 1571; x_wconf 91' lang='lat' dir='ltr'>cum</span> <span class='ocrx_word' id='word_1_67' title='bbox 722 1501 886 1591; x_wconf 89' lang='lat' dir='ltr'>pluribus</span> <span class='ocrx_word' id='word_1_68' title='bbox 911 1507 948 1570; x_wconf 90' lang='lat' dir='ltr'>in</span> <span class='ocrx_word' id='word_1_69' title='bbox 973 1522 1069 1593; x_wconf 86' lang='lat' dir='ltr'>aqua</span> <span class='ocrx_word' id='word_1_70' title='bbox 1094 1504 1232 1567; x_wconf 91' lang='lat' dir='ltr'>marina</span> <span class='ocrx_word' id='word_1_71' title='bbox 1256 1505 1385 1588; x_wconf 86' lang='lat' dir='ltr'>portus</span> <span class='ocrx_word' id='word_1_72' title='bbox 1409 1498 1492 1572; x_wconf 82' lang='lat' dir='ltr'>Divi</span> <span class='ocrx_word' id='word_1_73' title='bbox 1517 1496 1613 1560; x_wconf 84' lang='lat' dir='ltr'>Petri</span> <span class='ocrx_word' id='word_1_74' title='bbox 1638 1500 1677 1559; x_wconf 88' lang='lat' dir='ltr'>et</span> <span class='ocrx_word' id='word_1_75' title='bbox 1701 1490 1802 1558; x_wconf 85' lang='lat' dir='ltr'>Pauli</span> <span class='ocrx_word' id='word_1_76' title='bbox 1825 1489 2096 1565; x_wconf 81' lang='lat' dir='ltr'>Camtschatici</span> 
     </span>
     <span class='ocr_line' id='line_1_10' title="bbox 400 1612 2094 1714; baseline -0.004 -24"><span class='ocrx_word' id='word_1_77' title='bbox 400 1621 439 1690; x_wconf 89' lang='lat' dir='ltr'>d.</span> <span class='ocrx_word' id='word_1_78' title='bbox 469 1621 526 1693; x_wconf 79' lang='lat'>30.</span> <span class='ocrx_word' id='word_1_79' title='bbox 553 1622 641 1689; x_wconf 87' lang='lat' dir='ltr'>Julii</span> <span class='ocrx_word' id='word_1_80' title='bbox 666 1625 798 1687; x_wconf 86' lang='lat' dir='ltr'>Mensis</span> <span class='ocrx_word' id='word_1_81' title='bbox 829 1621 925 1713; x_wconf 74' lang='lat'>1804</span> <span class='ocrx_word' id='word_1_82' title='bbox 947 1630 1097 1714; x_wconf 88' lang='lat' dir='ltr'>captum</span> <span class='ocrx_word' id='word_1_83' title='bbox 1120 1628 1229 1691; x_wconf 85' lang='lat' dir='ltr'>esset.</span> <span class='ocrx_word' id='word_1_84' title='bbox 1267 1621 1412 1709; x_wconf 84' lang='lat' dir='ltr'>Species</span> <span class='ocrx_word' id='word_1_85' title='bbox 1438 1637 1478 1684; x_wconf 88' lang='lat' dir='ltr'>re</span> <span class='ocrx_word' id='word_1_86' title='bbox 1502 1634 1591 1683; x_wconf 84' lang='lat' dir='ltr'>vera</span> <span class='ocrx_word' id='word_1_87' title='bbox 1615 1615 1753 1680; x_wconf 85' lang='lat' dir='ltr'>marina</span> <span class='ocrx_word' id='word_1_88' title='bbox 1779 1619 1848 1696; x_wconf 86' lang='lat' dir='ltr'>eat,</span> <span class='ocrx_word' id='word_1_89' title='bbox 1876 1612 1939 1680; x_wconf 86' lang='lat' dir='ltr'>sed</span> <span class='ocrx_word' id='word_1_90' title='bbox 1964 1613 2094 1701; x_wconf 87' lang='lat' dir='ltr'>quoad</span> 
     </span>
     <span class='ocr_line' id='line_1_11' title="bbox 399 1732 2098 1832; baseline -0.002 -24"><span class='ocrx_word' id='word_1_91' title='bbox 399 1738 579 1824; x_wconf 87' lang='lat' dir='ltr'>habiturn,</span> <span class='ocrx_word' id='word_1_92' title='bbox 606 1741 706 1808; x_wconf 87' lang='lat' dir='ltr'>dorsi</span> <span class='ocrx_word' id='word_1_93' title='bbox 744 1747 925 1832; x_wconf 90' lang='lat' dir='ltr'>picturam</span> <span class='ocrx_word' id='word_1_94' title='bbox 963 1752 1003 1814; x_wconf 90' lang='lat' dir='ltr'>et</span> <span class='ocrx_word' id='word_1_95' title='bbox 1040 1742 1246 1813; x_wconf 79' lang='lat' dir='ltr'>naturalem</span> <span class='ocrx_word' id='word_1_96' title='bbox 1282 1738 1569 1829; x_wconf 74' lang='lat' dir='ltr'>magnitudinem</span> <span class='ocrx_word' id='word_1_97' title='bbox 1595 1732 1933 1822; x_wconf 83' lang='lat' dir='ltr'>Petromyzontibus</span> <span class='ocrx_word' id='word_1_98' title='bbox 1960 1735 2098 1805; x_wconf 83' lang='lat' dir='ltr'>fluvia·</span> 
     </span>
     <span class='ocr_line' id='line_1_12' title="bbox 398 1855 2099 1955; baseline -0.002 -24"><span class='ocrx_word' id='word_1_99' title='bbox 398 1861 526 1931; x_wconf 86' lang='lat' dir='ltr'>tilibus</span> <span class='ocrx_word' id='word_1_100' title='bbox 552 1867 807 1950; x_wconf 88' lang='lat' dir='ltr'>approximata</span> <span class='ocrx_word' id='word_1_101' title='bbox 834 1873 874 1932; x_wconf 88' lang='lat' dir='ltr'>et</span> <span class='ocrx_word' id='word_1_102' title='bbox 897 1873 1088 1955; x_wconf 84' lang='lat' dir='ltr'>praeterea</span> <span class='ocrx_word' id='word_1_103' title='bbox 1112 1867 1232 1952; x_wconf 84' lang='lat' dir='ltr'>capite</span> <span class='ocrx_word' id='word_1_104' title='bbox 1259 1861 1459 1952; x_wconf 86' lang='lat' dir='ltr'>praelongo</span> <span class='ocrx_word' id='word_1_105' title='bbox 1488 1856 1741 1940; x_wconf 88' lang='lat' dir='ltr'>subrostrato,</span> <span class='ocrx_word' id='word_1_106' title='bbox 1773 1855 1938 1922; x_wconf 92' lang='lat' dir='ltr'>dentium</span> <span class='ocrx_word' id='word_1_107' title='bbox 1964 1858 2099 1929; x_wconf 86' lang='lat' dir='ltr'>ordine</span> 
     </span>
     <span class='ocr_line' id='line_1_13' title="bbox 398 1979 2099 2071; baseline -0.001 -21"><span class='ocrx_word' id='word_1_108' title='bbox 398 1981 572 2071; x_wconf 84' lang='lat' dir='ltr'>singulari</span> <span class='ocrx_word' id='word_1_109' title='bbox 596 1990 635 2050; x_wconf 90' lang='lat' dir='ltr'>et</span> <span class='ocrx_word' id='word_1_110' title='bbox 660 1984 776 2051; x_wconf 88' lang='lat' dir='ltr'>cauda</span> <span class='ocrx_word' id='word_1_111' title='bbox 810 1985 1050 2054; x_wconf 88' lang='lat' dir='ltr'>crassiuscula</span> <span class='ocrx_word' id='word_1_112' title='bbox 1086 1989 1255 2053; x_wconf 86' lang='lat' dir='ltr'>truncata</span> <span class='ocrx_word' id='word_1_113' title='bbox 1294 1985 1357 2050; x_wconf 83' lang='lat' dir='ltr'>vix</span> <span class='ocrx_word' id='word_1_114' title='bbox 1396 1983 1545 2069; x_wconf 88' lang='lat' dir='ltr'>pinnata</span> <span class='ocrx_word' id='word_1_115' title='bbox 1581 1996 1649 2044; x_wconf 92' lang='lat' dir='ltr'>nec</span> <span class='ocrx_word' id='word_1_116' title='bbox 1680 1997 1753 2042; x_wconf 91' lang='lat' dir='ltr'>non</span> <span class='ocrx_word' id='word_1_117' title='bbox 1777 1979 1935 2064; x_wconf 85' lang='lat' dir='ltr'>vestigio</span> <span class='ocrx_word' id='word_1_118' title='bbox 1959 1982 2099 2066; x_wconf 85' lang='lat' dir='ltr'>pinnae</span> 
     </span>
     <span class='ocr_line' id='line_1_14' title="bbox 400 2091 2098 2186; baseline 0 -15"><span class='ocrx_word' id='word_1_119' title='bbox 400 2101 516 2171; x_wconf 79' lang='lat' dir='ltr'>anulis</span> <span class='ocrx_word' id='word_1_120' title='bbox 543 2102 758 2173; x_wconf 87' lang='lat' dir='ltr'>rubescente</span> <span class='ocrx_word' id='word_1_121' title='bbox 784 2110 821 2172; x_wconf 92' lang='lat' dir='ltr'>in</span> <span class='ocrx_word' id='word_1_122' title='bbox 845 2106 997 2175; x_wconf 80' lang='lat' dir='ltr'>eandem</span> <span class='ocrx_word' id='word_1_123' title='bbox 1020 2106 1262 2174; x_wconf 81' lang='lat' dir='ltr'>transfluente</span> <span class='ocrx_word' id='word_1_124' title='bbox 1287 2102 1481 2186; x_wconf 86' lang='lat' dir='ltr'>distincta,</span> <span class='ocrx_word' id='word_1_125' title='bbox 1508 2100 1604 2165; x_wconf 90' lang='lat' dir='ltr'>notis</span> <span class='ocrx_word' id='word_1_126' title='bbox 1629 2116 1651 2162; x_wconf 91' lang='lat' dir='ltr'>a</span> <span class='ocrx_word' id='word_1_127' title='bbox 1675 2091 1804 2164; x_wconf 82' lang='lat' dir='ltr'>Biocbia</span> <span class='ocrx_word' id='word_1_128' title='bbox 1831 2095 1878 2162; x_wconf 90' lang='lat' dir='ltr'>ad</span> <span class='ocrx_word' id='word_1_129' title='bbox 1902 2094 2098 2171; x_wconf 86' lang='lat' dir='ltr'>characte-</span> 
     </span>
     <span class='ocr_line' id='line_1_15' title="bbox 400 2215 2097 2317; baseline -0.004 -27"><span class='ocrx_word' id='word_1_130' title='bbox 400 2244 480 2292; x_wconf 86' lang='lat' dir='ltr'>rem</span> <span class='ocrx_word' id='word_1_131' title='bbox 507 2221 715 2311; x_wconf 88' lang='lat' dir='ltr'>speciiicum</span> <span class='ocrx_word' id='word_1_132' title='bbox 741 2221 937 2317; x_wconf 68' lang='lat' dir='ltr'>lampenae</span> <span class='ocrx_word' id='word_1_133' title='bbox 961 2227 1023 2294; x_wconf 85' lang='lat' dir='ltr'>vel</span> <span class='ocrx_word' id='word_1_134' title='bbox 1060 2231 1376 2311; x_wconf 83' lang='lat' dir='ltr'>Petromyzcntum</span> <span class='ocrx_word' id='word_1_135' title='bbox 1413 2224 1648 2287; x_wconf 88' lang='lat' dir='ltr'>marimorum</span> <span class='ocrx_word' id='word_1_136' title='bbox 1674 2215 1930 2285; x_wconf 85' lang='lat' dir='ltr'>stabiliendum</span> <span class='ocrx_word' id='word_1_137' title='bbox 1955 2226 2097 2292; x_wconf 81' lang='lat' dir='ltr'>consti.</span> 
     </span>
     <span class='ocr_line' id='line_1_16' title="bbox 401 2337 2099 2434; baseline 0.001 -22"><span class='ocrx_word' id='word_1_138' title='bbox 401 2347 494 2412; x_wconf 85' lang='lat' dir='ltr'>tutia</span> <span class='ocrx_word' id='word_1_139' title='bbox 519 2341 610 2410; x_wconf 89' lang='lat' dir='ltr'>baec</span> <span class='ocrx_word' id='word_1_140' title='bbox 639 2349 778 2434; x_wconf 88' lang='lat' dir='ltr'>species</span> <span class='ocrx_word' id='word_1_141' title='bbox 803 2350 942 2414; x_wconf 89' lang='lat' dir='ltr'>marina</span> <span class='ocrx_word' id='word_1_142' title='bbox 967 2345 1237 2415; x_wconf 87' lang='lat' dir='ltr'>Camtschatica</span> <span class='ocrx_word' id='word_1_143' title='bbox 1265 2346 1447 2412; x_wconf 88' lang='lat' dir='ltr'>contraria</span> <span class='ocrx_word' id='word_1_144' title='bbox 1474 2347 1532 2409; x_wconf 89' lang='lat' dir='ltr'>est</span> <span class='ocrx_word' id='word_1_145' title='bbox 1545 2388 1557 2426; x_wconf 92' lang='lat'>,</span> <span class='ocrx_word' id='word_1_146' title='bbox 1598 2337 1723 2405; x_wconf 87' lang='lat' dir='ltr'>ordine</span> <span class='ocrx_word' id='word_1_147' title='bbox 1749 2341 1845 2404; x_wconf 90' lang='lat' dir='ltr'>enim</span> <span class='ocrx_word' id='word_1_148' title='bbox 1870 2343 1978 2408; x_wconf 93' lang='lat' dir='ltr'>unico</span> <span class='ocrx_word' id='word_1_149' title='bbox 2003 2343 2099 2413; x_wconf 87' lang='lat' dir='ltr'>den·</span> 
     </span>
     <span class='ocr_line' id='line_1_17' title="bbox 402 2459 2099 2557; baseline 0 -25"><span class='ocrx_word' id='word_1_150' title='bbox 402 2465 497 2532; x_wconf 83' lang='lat' dir='ltr'>tium</span> <span class='ocrx_word' id='word_1_151' title='bbox 523 2467 558 2531; x_wconf 92' lang='lat' dir='ltr'>in</span> <span class='ocrx_word' id='word_1_152' title='bbox 583 2463 760 2530; x_wconf 88' lang='lat' dir='ltr'>circulum</span> <span class='ocrx_word' id='word_1_153' title='bbox 787 2467 1047 2557; x_wconf 89' lang='lat' dir='ltr'>dispositorum</span> <span class='ocrx_word' id='word_1_154' title='bbox 1084 2472 1261 2535; x_wconf 88' lang='lat' dir='ltr'>instructa</span> <span class='ocrx_word' id='word_1_155' title='bbox 1291 2472 1349 2534; x_wconf 87' lang='lat' dir='ltr'>est</span> <span class='ocrx_word' id='word_1_156' title='bbox 1373 2471 1412 2533; x_wconf 88' lang='lat' dir='ltr'>et</span> <span class='ocrx_word' id='word_1_157' title='bbox 1435 2462 1556 2530; x_wconf 83' lang='lat' dir='ltr'>forsan</span> <span class='ocrx_word' id='word_1_158' title='bbox 1584 2459 1749 2551; x_wconf 84' lang='lat' dir='ltr'>probat,</span> <span class='ocrx_word' id='word_1_159' title='bbox 1796 2461 2099 2550; x_wconf 82' lang='lat' dir='ltr'>Petromyzontes</span> 
     </span>
     <span class='ocr_line' id='line_1_18' title="bbox 402 2577 2100 2676; baseline 0.005 -25"><span class='ocrx_word' id='word_1_160' title='bbox 402 2588 560 2675; x_wconf 86' lang='lat' dir='ltr'>majores</span> <span class='ocrx_word' id='word_1_161' title='bbox 585 2591 623 2651; x_wconf 89' lang='lat' dir='ltr'>et</span> <span class='ocrx_word' id='word_1_162' title='bbox 649 2589 806 2653; x_wconf 88' lang='lat' dir='ltr'>minores</span> <span class='ocrx_word' id='word_1_163' title='bbox 831 2592 990 2656; x_wconf 87' lang='lat' dir='ltr'>marinos</span> <span class='ocrx_word' id='word_1_164' title='bbox 1014 2587 1119 2676; x_wconf 85' lang='lat' dir='ltr'>dari,</span> <span class='ocrx_word' id='word_1_165' title='bbox 1173 2585 1234 2655; x_wconf 84' lang='lat' dir='ltr'>vel</span> <span class='ocrx_word' id='word_1_166' title='bbox 1274 2585 1473 2654; x_wconf 78' lang='lat' dir='ltr'>fluviatiles</span> <span class='ocrx_word' id='word_1_167' title='bbox 1507 2586 1617 2651; x_wconf 90' lang='lat' dir='ltr'>etiarn</span> <span class='ocrx_word' id='word_1_168' title='bbox 1644 2585 1681 2646; x_wconf 91' lang='lat' dir='ltr'>in</span> <span class='ocrx_word' id='word_1_169' title='bbox 1715 2600 1809 2669; x_wconf 84' lang='lat' dir='ltr'>aqua</span> <span class='ocrx_word' id='word_1_170' title='bbox 1835 2577 1941 2649; x_wconf 86' lang='lat' dir='ltr'>salita</span> <span class='ocrx_word' id='word_1_171' title='bbox 1968 2589 2100 2659; x_wconf 78' lang='lat' dir='ltr'>vivere</span> 
     </span>
     <span class='ocr_line' id='line_1_19' title="bbox 403 2702 2099 2798; baseline 0.005 -28"><span class='ocrx_word' id='word_1_172' title='bbox 403 2723 540 2793; x_wconf 89' lang='lat' dir='ltr'>posse,</span> <span class='ocrx_word' id='word_1_173' title='bbox 578 2702 707 2774; x_wconf 82' lang='lat' dir='ltr'>saltem</span> <span class='ocrx_word' id='word_1_174' title='bbox 734 2728 860 2774; x_wconf 87' lang='lat' dir='ltr'>eorum</span> <span class='ocrx_word' id='word_1_175' title='bbox 886 2712 1031 2776; x_wconf 86' lang='lat' dir='ltr'>nomina</span> <span class='ocrx_word' id='word_1_176' title='bbox 1056 2709 1228 2798; x_wconf 78' lang='lat' dir='ltr'>specifica</span> <span class='ocrx_word' id='word_1_177' title='bbox 1253 2707 1349 2775; x_wconf 90' lang='lat' dir='ltr'>male</span> <span class='ocrx_word' id='word_1_178' title='bbox 1375 2707 1527 2774; x_wconf 83' lang='lat' dir='ltr'>definita</span> <span class='ocrx_word' id='word_1_179' title='bbox 1552 2725 1644 2772; x_wconf 85' lang='lat' dir='ltr'>esse.</span> <span class='ocrx_word' id='word_1_180' title='bbox 1711 2707 1901 2768; x_wconf 82' lang='lat' dir='ltr'>Praeterea</span> <span class='ocrx_word' id='word_1_181' title='bbox 1927 2724 1996 2773; x_wconf 88' lang='lat' dir='ltr'>nec</span> <span class='ocrx_word' id='word_1_182' title='bbox 2024 2707 2099 2777; x_wconf 89' lang='lat' dir='ltr'>lin·</span> 
     </span>
     <span class='ocr_line' id='line_1_20' title="bbox 404 2822 2100 2920; baseline 0.001 -30"><span class='ocrx_word' id='word_1_183' title='bbox 404 2843 476 2911; x_wconf 86' lang='lat' dir='ltr'>gua</span> <span class='ocrx_word' id='word_1_184' title='bbox 500 2842 568 2891; x_wconf 87' lang='lat' dir='ltr'>nec</span> <span class='ocrx_word' id='word_1_185' title='bbox 593 2824 714 2914; x_wconf 90' lang='lat' dir='ltr'>poruli</span> <span class='ocrx_word' id='word_1_186' title='bbox 738 2829 926 2914; x_wconf 84' lang='lat' dir='ltr'>muciilui,</span> <span class='ocrx_word' id='word_1_187' title='bbox 952 2835 988 2895; x_wconf 92' lang='lat' dir='ltr'>in</span> <span class='ocrx_word' id='word_1_188' title='bbox 1014 2830 1156 2897; x_wconf 83' lang='lat' dir='ltr'>ordines</span> <span class='ocrx_word' id='word_1_189' title='bbox 1181 2828 1475 2918; x_wconf 85' lang='lat' dir='ltr'>serpentiformes</span> <span class='ocrx_word' id='word_1_190' title='bbox 1500 2826 1680 2914; x_wconf 83' lang='lat' dir='ltr'>dispositi,</span> <span class='ocrx_word' id='word_1_191' title='bbox 1706 2831 1745 2893; x_wconf 85' lang='lat' dir='ltr'>et</span> <span class='ocrx_word' id='word_1_192' title='bbox 1768 2829 1805 2890; x_wconf 90' lang='lat' dir='ltr'>in</span> <span class='ocrx_word' id='word_1_193' title='bbox 1830 2822 1983 2892; x_wconf 87' lang='lat' dir='ltr'>diversis</span> <span class='ocrx_word' id='word_1_194' title='bbox 2010 2850 2100 2920; x_wconf 79' lang='lat' dir='ltr'>spe.</span> 
     </span>
     <span class='ocr_line' id='line_1_21' title="bbox 403 2942 2099 3039; baseline 0.006 -27"><span class='ocrx_word' id='word_1_195' title='bbox 403 2942 531 3012; x_wconf 83' lang='lat' dir='ltr'>clebus</span> <span class='ocrx_word' id='word_1_196' title='bbox 555 2944 701 3015; x_wconf 87' lang='lat' dir='ltr'>diverso</span> <span class='ocrx_word' id='word_1_197' title='bbox 737 2970 845 3018; x_wconf 87' lang='lat' dir='ltr'>cursu</span> <span class='ocrx_word' id='word_1_198' title='bbox 881 2949 1075 3039; x_wconf 87' lang='lat' dir='ltr'>producti,</span> <span class='ocrx_word' id='word_1_199' title='bbox 1110 2950 1271 3018; x_wconf 90' lang='lat' dir='ltr'>nondum</span> <span class='ocrx_word' id='word_1_200' title='bbox 1311 2954 1398 3017; x_wconf 85' lang='lat' dir='ltr'>satis</span> <span class='ocrx_word' id='word_1_201' title='bbox 1430 2953 1600 3016; x_wconf 88' lang='lat' dir='ltr'>accurate</span> <span class='ocrx_word' id='word_1_202' title='bbox 1624 2947 1808 3014; x_wconf 87' lang='lat' dir='ltr'>observati</span> <span class='ocrx_word' id='word_1_203' title='bbox 1833 2951 1872 3012; x_wconf 88' lang='lat' dir='ltr'>et</span> <span class='ocrx_word' id='word_1_204' title='bbox 1896 2945 2099 3023; x_wconf 88' lang='lat' dir='ltr'>declineati</span> 
     </span>
     <span class='ocr_line' id='line_1_22' title="bbox 407 3069 2097 3158; baseline 0.005 -25"><span class='ocrx_word' id='word_1_205' title='bbox 407 3071 517 3153; x_wconf 83' lang='lat' dir='ltr'>aunt,</span> <span class='ocrx_word' id='word_1_206' title='bbox 545 3085 653 3156; x_wconf 88' lang='lat' dir='ltr'>quam</span> <span class='ocrx_word' id='word_1_207' title='bbox 680 3070 728 3138; x_wconf 89' lang='lat' dir='ltr'>ob</span> <span class='ocrx_word' id='word_1_208' title='bbox 755 3091 832 3137; x_wconf 86' lang='lat' dir='ltr'>rem</span> <span class='ocrx_word' id='word_1_209' title='bbox 857 3075 1100 3138; x_wconf 86' lang='lat' dir='ltr'>necessarium</span> <span class='ocrx_word' id='word_1_210' title='bbox 1130 3072 1246 3156; x_wconf 85' lang='lat' dir='ltr'>duxi,</span> <span class='ocrx_word' id='word_1_211' title='bbox 1289 3069 1426 3138; x_wconf 87' lang='lat' dir='ltr'>hancce</span> <span class='ocrx_word' id='word_1_212' title='bbox 1459 3086 1591 3135; x_wconf 89' lang='lat' dir='ltr'>novam</span> <span class='ocrx_word' id='word_1_213' title='bbox 1616 3072 1772 3155; x_wconf 87' lang='lat' dir='ltr'>speciem</span> <span class='ocrx_word' id='word_1_214' title='bbox 1798 3071 2097 3158; x_wconf 84' lang='lat' dir='ltr'>Petromyzontis</span> 
     </span>
     <span class='ocr_line' id='line_1_23' title="bbox 404 3185 2100 3285; baseline 0.001 -30"><span class='ocrx_word' id='word_1_215' title='bbox 404 3185 514 3277; x_wconf 81' lang='lat' dir='ltr'>paulo</span> <span class='ocrx_word' id='word_1_216' title='bbox 541 3195 745 3259; x_wconf 74' lang='lat' dir='ltr'>accuratius</span> <span class='ocrx_word' id='word_1_217' title='bbox 784 3192 1024 3280; x_wconf 87' lang='lat' dir='ltr'>investigandi</span> <span class='ocrx_word' id='word_1_218' title='bbox 1060 3199 1099 3260; x_wconf 85' lang='lat' dir='ltr'>et</span> <span class='ocrx_word' id='word_1_219' title='bbox 1135 3191 1374 3262; x_wconf 87' lang='lat' dir='ltr'>describendi.</span> <span class='ocrx_word' id='word_1_220' title='bbox 1438 3194 1480 3255; x_wconf 90' lang='lat' dir='ltr'>ln</span> <span class='ocrx_word' id='word_1_221' title='bbox 1516 3194 1624 3255; x_wconf 88' lang='lat' dir='ltr'>icone</span> <span class='ocrx_word' id='word_1_222' title='bbox 1658 3186 1801 3274; x_wconf 87' lang='lat' dir='ltr'>(tabula</span> <span class='ocrx_word' id='word_1_223' title='bbox 1826 3191 1886 3251; x_wconf 84' lang='lat' dir='ltr'>1x.</span> <span class='ocrx_word' id='word_1_224' title='bbox 1912 3187 1973 3278; x_wconf 81' lang='lat' dir='ltr'>lig.</span> <span class='ocrx_word' id='word_1_225' title='bbox 2007 3197 2100 3285; x_wconf 79' lang='lat' dir='ltr'>rurs)</span> 
     </span>
     <span class='ocr_line' id='line_1_24' title="bbox 403 3306 2096 3402; baseline 0.002 -28"><span class='ocrx_word' id='word_1_226' title='bbox 403 3308 647 3397; x_wconf 81' lang='lat' dir='ltr'>Petromyaon</span> <span class='ocrx_word' id='word_1_227' title='bbox 673 3309 830 3380; x_wconf 85' lang='lat' dir='ltr'>naturali</span> <span class='ocrx_word' id='word_1_228' title='bbox 854 3313 1103 3402; x_wconf 79' lang='lat' dir='ltr'>magnitudine</span> <span class='ocrx_word' id='word_1_229' title='bbox 1129 3334 1150 3381; x_wconf 88' lang='lat' dir='ltr'>a</span> <span class='ocrx_word' id='word_1_230' title='bbox 1175 3313 1290 3383; x_wconf 90' lang='lat' dir='ltr'>latere</span> <span class='ocrx_word' id='word_1_231' title='bbox 1316 3313 1361 3380; x_wconf 87' lang='lat' dir='ltr'>ad</span> <span class='ocrx_word' id='word_1_232' title='bbox 1389 3315 1512 3379; x_wconf 83' lang='lat' dir='ltr'>vivum</span> <span class='ocrx_word' id='word_1_233' title='bbox 1529 3310 1668 3398; x_wconf 87' lang='lat' dir='ltr'>pictum</span> <span class='ocrx_word' id='word_1_234' title='bbox 1694 3316 1752 3375; x_wconf 88' lang='lat' dir='ltr'>est</span> <span class='ocrx_word' id='word_1_235' title='bbox 1772 3314 1811 3376; x_wconf 89' lang='lat' dir='ltr'>et</span> <span class='ocrx_word' id='word_1_236' title='bbox 1831 3306 1998 3397; x_wconf 85' lang='lat' dir='ltr'>infigura</span> <span class='ocrx_word' id='word_1_237' title='bbox 2017 3316 2096 3384; x_wconf 71' lang='lat' dir='ltr'>oda.</span> 
     </span>
     <span class='ocr_line' id='line_1_25' title="bbox 405 3408 2096 3524; baseline 0.001 -31"><span class='ocrx_word' id='word_1_238' title='bbox 405 3436 517 3517; x_wconf 87' lang='lat' dir='ltr'>caput</span> <span class='ocrx_word' id='word_1_239' title='bbox 542 3431 588 3498; x_wconf 91' lang='lat' dir='ltr'>ab</span> <span class='ocrx_word' id='word_1_240' title='bbox 614 3432 783 3500; x_wconf 80' lang='lat' dir='ltr'>inferiore</span> <span class='ocrx_word' id='word_1_241' title='bbox 810 3441 915 3522; x_wconf 86' lang='lat' dir='ltr'>parte</span> <span class='ocrx_word' id='word_1_242' title='bbox 939 3437 1071 3519; x_wconf 86' lang='lat' dir='ltr'>visum,</span> <span class='ocrx_word' id='word_1_243' title='bbox 1100 3455 1163 3501; x_wconf 88' lang='lat' dir='ltr'>ore</span> <span class='ocrx_word' id='word_1_244' title='bbox 1189 3443 1331 3524; x_wconf 87' lang='lat' dir='ltr'>aperto,</span> <span class='ocrx_word' id='word_1_245' title='bbox 1347 3408 1399 3502; x_wconf 37' lang='lat' dir='ltr'>&#39;ut</span> <span class='ocrx_word' id='word_1_246' title='bbox 1424 3434 1585 3500; x_wconf 89' lang='lat' dir='ltr'>dentium</span> <span class='ocrx_word' id='word_1_247' title='bbox 1613 3429 1703 3496; x_wconf 87' lang='lat' dir='ltr'>ordo</span> <span class='ocrx_word' id='word_1_248' title='bbox 1727 3436 1767 3495; x_wconf 90' lang='lat' dir='ltr'>et</span> <span class='ocrx_word' id='word_1_249' title='bbox 1791 3426 2096 3517; x_wconf 74' lang='lat' dir='ltr'>linguainfauci.</span> 
     </span>
     <span class='ocr_line' id='line_1_26' title="bbox 404 3543 1838 3644; baseline 0.001 -31"><span class='ocrx_word' id='word_1_250' title='bbox 404 3543 474 3614; x_wconf 90' lang='lat' dir='ltr'>bus</span> <span class='ocrx_word' id='word_1_251' title='bbox 499 3552 801 3643; x_wconf 89' lang='lat' dir='ltr'>inconspectum</span> <span class='ocrx_word' id='word_1_252' title='bbox 829 3558 1002 3642; x_wconf 75' lang='lat' dir='ltr'>saniant,</span> <span class='ocrx_word' id='word_1_253' title='bbox 1030 3563 1136 3623; x_wconf 86' lang='lat' dir='ltr'>aucta</span> <span class='ocrx_word' id='word_1_254' title='bbox 1161 3555 1406 3644; x_wconf 73' lang='lat' dir='ltr'>magnitudine</span> <span class='ocrx_word' id='word_1_255' title='bbox 1434 3556 1744 3643; x_wconf 86' lang='lat' dir='ltr'>repraesentatum</span> <span class='ocrx_word' id='word_1_256' title='bbox 1770 3555 1838 3618; x_wconf 86' lang='lat' dir='ltr'>est.</span> 
     </span>
    </p>

    <p class='ocr_par' dir='ltr' id='par_1_4' title="bbox 1121 3671 1375 3767">
     <span class='ocr_line' id='line_1_27' title="bbox 1121 3671 1375 3767; baseline -0.012 -21"><span class='ocrx_word' id='word_1_257' title='bbox 1121 3671 1375 3767; x_wconf 78' lang='lat' dir='ltr'>Descriptio.</span> 
     </span>
    </p>

    <p class='ocr_par' dir='ltr' id='par_1_5' title="bbox 402 3788 2098 4863">
     <span class='ocr_line' id='line_1_28' title="bbox 510 3788 2097 3887; baseline 0.001 -23"><span class='ocrx_word' id='word_1_258' title='bbox 510 3788 638 3886; x_wconf 80' lang='lat' dir='ltr'>Carpus</span> <span class='ocrx_word' id='word_1_259' title='bbox 674 3795 854 3866; x_wconf 89' lang='lat' dir='ltr'>lubricum</span> <span class='ocrx_word' id='word_1_260' title='bbox 891 3798 1135 3886; x_wconf 87' lang='lat' dir='ltr'>anguillosum</span> <span class='ocrx_word' id='word_1_261' title='bbox 1171 3820 1237 3867; x_wconf 88' lang='lat' dir='ltr'>nec</span> <span class='ocrx_word' id='word_1_262' title='bbox 1276 3805 1536 3867; x_wconf 87' lang='lat' dir='ltr'>marmoratum</span> <span class='ocrx_word' id='word_1_263' title='bbox 1573 3816 1695 3887; x_wconf 89' lang='lat' dir='ltr'>neque</span> <span class='ocrx_word' id='word_1_264' title='bbox 1731 3801 1985 3886; x_wconf 84' lang='lat' dir='ltr'>variegatum,</span> <span class='ocrx_word' id='word_1_265' title='bbox 2025 3807 2097 3877; x_wconf 76' lang='lat' dir='ltr'>sed</span> 
     </span>
     <span class='ocr_line' id='line_1_29' title="bbox 407 3916 2095 4013; baseline 0.005 -27"><span class='ocrx_word' id='word_1_266' title='bbox 407 3937 519 4007; x_wconf 86' lang='lat' dir='ltr'>supra</span> <span class='ocrx_word' id='word_1_267' title='bbox 557 3916 934 4005; x_wconf 67' lang='lat' dir='ltr'>olivam-fuscum,</span> <span class='ocrx_word' id='word_1_268' title='bbox 1000 3923 1038 3988; x_wconf 90' lang='lat' dir='ltr'>in</span> <span class='ocrx_word' id='word_1_269' title='bbox 1076 3922 1188 3988; x_wconf 88' lang='lat' dir='ltr'>dorso</span> <span class='ocrx_word' id='word_1_270' title='bbox 1222 3923 1342 4008; x_wconf 84' lang='lat' dir='ltr'>capite</span> <span class='ocrx_word' id='word_1_271' title='bbox 1384 3926 1423 3987; x_wconf 89' lang='lat' dir='ltr'>et</span> <span class='ocrx_word' id='word_1_272' title='bbox 1461 3924 1652 4009; x_wconf 89' lang='lat' dir='ltr'>pinnarum</span> <span class='ocrx_word' id='word_1_273' title='bbox 1691 3919 1853 4007; x_wconf 90' lang='lat' dir='ltr'>apicibus</span> <span class='ocrx_word' id='word_1_274' title='bbox 1891 3923 2095 4013; x_wconf 84' lang='lat' dir='ltr'>nigricans,</span> 
     </span>
     <span class='ocr_line' id='line_1_30' title="bbox 402 4037 2094 4131; baseline 0.005 -24"><span class='ocrx_word' id='word_1_275' title='bbox 402 4039 531 4108; x_wconf 79' lang='lat' dir='ltr'>subtus</span> <span class='ocrx_word' id='word_1_276' title='bbox 556 4038 809 4107; x_wconf 88' lang='lat' dir='ltr'>coerulescens</span> <span class='ocrx_word' id='word_1_277' title='bbox 835 4059 877 4107; x_wconf 82' lang='lat' dir='ltr'>ac</span> <span class='ocrx_word' id='word_1_278' title='bbox 904 4047 1077 4128; x_wconf 85' lang='lat' dir='ltr'>argenteo</span> <span class='ocrx_word' id='word_1_279' title='bbox 1103 4048 1249 4125; x_wconf 87' lang='lat' dir='ltr'>nitens,</span> <span class='ocrx_word' id='word_1_280' title='bbox 1300 4041 1367 4108; x_wconf 90' lang='lat' dir='ltr'>sub</span> <span class='ocrx_word' id='word_1_281' title='bbox 1405 4039 1521 4108; x_wconf 89' lang='lat' dir='ltr'>oculis</span> <span class='ocrx_word' id='word_1_282' title='bbox 1560 4037 1606 4109; x_wconf 86' lang='lat' dir='ltr'>ad</span> <span class='ocrx_word' id='word_1_283' title='bbox 1643 4041 1758 4109; x_wconf 87' lang='lat' dir='ltr'>latera</span> <span class='ocrx_word' id='word_1_284' title='bbox 1784 4045 1879 4108; x_wconf 86' lang='lat' dir='ltr'>circa</span> <span class='ocrx_word' id='word_1_285' title='bbox 1905 4047 2094 4131; x_wconf 86' lang='lat' dir='ltr'>spiracula</span> 
     </span>
     <span class='ocr_line' id='line_1_31' title="bbox 404 4159 2095 4252; baseline 0.005 -24"><span class='ocrx_word' id='word_1_286' title='bbox 404 4159 606 4228; x_wconf 78' lang='lat' dir='ltr'>flavescens</span> <span class='ocrx_word' id='word_1_287' title='bbox 631 4181 758 4229; x_wconf 79' lang='lat' dir='ltr'>versus</span> <span class='ocrx_word' id='word_1_288' title='bbox 784 4165 858 4228; x_wconf 87' lang='lat' dir='ltr'>oris</span> <span class='ocrx_word' id='word_1_289' title='bbox 889 4161 1074 4232; x_wconf 84' lang='lat' dir='ltr'>circularis</span> <span class='ocrx_word' id='word_1_290' title='bbox 1112 4164 1250 4232; x_wconf 74' lang='lat' dir='ltr'>labium</span> <span class='ocrx_word' id='word_1_291' title='bbox 1290 4169 1329 4230; x_wconf 86' lang='lat' dir='ltr'>et</span> <span class='ocrx_word' id='word_1_292' title='bbox 1365 4171 1451 4252; x_wconf 87' lang='lat' dir='ltr'>post</span> <span class='ocrx_word' id='word_1_293' title='bbox 1494 4182 1602 4229; x_wconf 88' lang='lat' dir='ltr'>anum</span> <span class='ocrx_word' id='word_1_294' title='bbox 1641 4163 1862 4247; x_wconf 87' lang='lat' dir='ltr'>rubescens,</span> <span class='ocrx_word' id='word_1_295' title='bbox 1901 4171 2095 4238; x_wconf 85' lang='lat' dir='ltr'>caeterum</span> 
     </span>
     <span class='ocr_line' id='line_1_32' title="bbox 403 4280 2098 4375; baseline 0.004 -25"><span class='ocrx_word' id='word_1_296' title='bbox 403 4282 682 4351; x_wconf 84' lang='lat' dir='ltr'>teretiusculum</span> <span class='ocrx_word' id='word_1_297' title='bbox 708 4301 817 4348; x_wconf 89' lang='lat' dir='ltr'>muco</span> <span class='ocrx_word' id='word_1_298' title='bbox 843 4280 1040 4352; x_wconf 89' lang='lat' dir='ltr'>obductum</span> <span class='ocrx_word' id='word_1_299' title='bbox 1067 4283 1305 4375; x_wconf 87' lang='lat' dir='ltr'>porulosurn,</span> <span class='ocrx_word' id='word_1_300' title='bbox 1357 4305 1482 4352; x_wconf 85' lang='lat' dir='ltr'>versus</span> <span class='ocrx_word' id='word_1_301' title='bbox 1508 4284 1645 4353; x_wconf 89' lang='lat' dir='ltr'>collum</span> <span class='ocrx_word' id='word_1_302' title='bbox 1671 4290 1923 4366; x_wconf 85' lang='lat' dir='ltr'>attenuatum,</span> <span class='ocrx_word' id='word_1_303' title='bbox 1962 4308 2098 4358; x_wconf 82' lang='lat' dir='ltr'>versus</span> 
     </span>
     <span class='ocr_line' id='line_1_33' title="bbox 403 4397 2094 4495; baseline 0.004 -25"><span class='ocrx_word' id='word_1_304' title='bbox 403 4399 592 4473; x_wconf 82' lang='lat' dir='ltr'>thoracem</span> <span class='ocrx_word' id='word_1_305' title='bbox 619 4411 657 4471; x_wconf 90' lang='lat' dir='ltr'>et</span> <span class='ocrx_word' id='word_1_306' title='bbox 682 4403 830 4469; x_wconf 85' lang='lat' dir='ltr'>dorsum</span> <span class='ocrx_word' id='word_1_307' title='bbox 857 4411 942 4471; x_wconf 86' lang='lat' dir='ltr'>ante</span> <span class='ocrx_word' id='word_1_308' title='bbox 968 4408 1115 4493; x_wconf 87' lang='lat' dir='ltr'>pinnam</span> <span class='ocrx_word' id='word_1_309' title='bbox 1146 4400 1326 4473; x_wconf 87' lang='lat' dir='ltr'>dorsalem</span> <span class='ocrx_word' id='word_1_310' title='bbox 1359 4398 1526 4472; x_wconf 84' lang='lat' dir='ltr'>crassius.</span> <span class='ocrx_word' id='word_1_311' title='bbox 1590 4397 1702 4495; x_wconf 80' lang='lat' dir='ltr'>Caput</span> <span class='ocrx_word' id='word_1_312' title='bbox 1734 4405 1931 4492; x_wconf 88' lang='lat' dir='ltr'>oblongum</span> <span class='ocrx_word' id='word_1_313' title='bbox 1958 4406 2094 4478; x_wconf 80' lang='lat' dir='ltr'>subro-</span> 
     </span>
     <span class='ocr_line' id='line_1_34' title="bbox 403 4523 2094 4618; baseline 0.003 -29"><span class='ocrx_word' id='word_1_314' title='bbox 403 4527 560 4589; x_wconf 84' lang='lat' dir='ltr'>stratum</span> <span class='ocrx_word' id='word_1_315' title='bbox 584 4531 625 4591; x_wconf 91' lang='lat' dir='ltr'>ut</span> <span class='ocrx_word' id='word_1_316' title='bbox 653 4528 689 4589; x_wconf 94' lang='lat' dir='ltr'>in</span> <span class='ocrx_word' id='word_1_317' title='bbox 715 4531 888 4611; x_wconf 85' lang='lat' dir='ltr'>argenteo</span> <span class='ocrx_word' id='word_1_318' title='bbox 923 4525 1247 4614; x_wconf 85' lang='lat' dir='ltr'>Tranquebariensi</span> <span class='ocrx_word' id='word_1_319' title='bbox 1289 4524 1401 4613; x_wconf 85' lang='lat' dir='ltr'>(conf.</span> <span class='ocrx_word' id='word_1_320' title='bbox 1435 4523 1549 4592; x_wconf 88' lang='lat' dir='ltr'>Bloch</span> <span class='ocrx_word' id='word_1_321' title='bbox 1578 4528 1728 4614; x_wconf 81' lang='lat' dir='ltr'>system.</span> <span class='ocrx_word' id='word_1_322' title='bbox 1753 4523 2026 4615; x_wconf 88' lang='lat' dir='ltr'>ichthyologiae</span> <span class='ocrx_word' id='word_1_323' title='bbox 2053 4551 2094 4618; x_wconf 89' lang='lat' dir='ltr'>p.</span> 
     </span>
     <span class='ocr_line' id='line_1_35' title="bbox 402 4638 2095 4734; baseline 0.003 -21"><span class='ocrx_word' id='word_1_324' title='bbox 402 4638 491 4714; x_wconf 71' lang='lat'>532.</span> <span class='ocrx_word' id='word_1_325' title='bbox 517 4642 578 4732; x_wconf 87' lang='lat' dir='ltr'>lig.</span> <span class='ocrx_word' id='word_1_326' title='bbox 609 4663 640 4716; x_wconf 85' lang='lat'>1.</span> <span class='ocrx_word' id='word_1_327' title='bbox 664 4641 753 4709; x_wconf 82' lang='lat' dir='ltr'>Tab.</span> <span class='ocrx_word' id='word_1_328' title='bbox 784 4643 885 4732; x_wconf 79' lang='lat' dir='ltr'>soa.)</span> <span class='ocrx_word' id='word_1_329' title='bbox 928 4643 1056 4713; x_wconf 87' lang='lat' dir='ltr'>subtus</span> <span class='ocrx_word' id='word_1_330' title='bbox 1092 4644 1231 4734; x_wconf 88' lang='lat' dir='ltr'>porulis</span> <span class='ocrx_word' id='word_1_331' title='bbox 1271 4645 1392 4715; x_wconf 89' lang='lat' dir='ltr'>multis</span> <span class='ocrx_word' id='word_1_332' title='bbox 1427 4647 1607 4714; x_wconf 88' lang='lat' dir='ltr'>mucilluis</span> <span class='ocrx_word' id='word_1_333' title='bbox 1634 4650 1768 4716; x_wconf 88' lang='lat' dir='ltr'>sensim</span> <span class='ocrx_word' id='word_1_334' title='bbox 1793 4646 2095 4718; x_wconf 86' lang='lat' dir='ltr'>decrescentibus</span> 
     </span>
     <span class='ocr_line' id='line_1_36' title="bbox 402 4763 2092 4863; baseline 0.001 -28"><span class='ocrx_word' id='word_1_335' title='bbox 402 4765 531 4837; x_wconf 87' lang='lat' dir='ltr'>ordine</span> <span class='ocrx_word' id='word_1_336' title='bbox 569 4767 738 4854; x_wconf 89' lang='lat' dir='ltr'>utrinque</span> <span class='ocrx_word' id='word_1_337' title='bbox 778 4763 907 4832; x_wconf 85' lang='lat' dir='ltr'>lineari</span> <span class='ocrx_word' id='word_1_338' title='bbox 945 4783 983 4835; x_wconf 85' lang='lat' dir='ltr'>et</span> <span class='ocrx_word' id='word_1_339' title='bbox 1020 4773 1229 4856; x_wconf 86' lang='lat' dir='ltr'>serpentino</span> <span class='ocrx_word' id='word_1_340' title='bbox 1267 4769 1452 4857; x_wconf 87' lang='lat' dir='ltr'>dispositis</span> <span class='ocrx_word' id='word_1_341' title='bbox 1492 4767 1584 4863; x_wconf 81' lang='lat' dir='ltr'>(vid.</span> <span class='ocrx_word' id='word_1_342' title='bbox 1611 4768 1672 4858; x_wconf 86' lang='lat' dir='ltr'>lig.</span> <span class='ocrx_word' id='word_1_343' title='bbox 1707 4785 1741 4838; x_wconf 79' lang='lat' dir='ltr'>a.</span> <span class='ocrx_word' id='word_1_344' title='bbox 1769 4765 1852 4853; x_wconf 91' lang='lat' dir='ltr'>bb.)</span> <span class='ocrx_word' id='word_1_345' title='bbox 1880 4774 2092 4858; x_wconf 88' lang='lat' dir='ltr'>pertusum,</span> 
     </span>
    </p>
   </div>
   <div class='ocr_carea' id='block_1_3' title="bbox 403 4885 2094 4988">
    <p class='ocr_par' dir='ltr' id='par_1_6' title="bbox 403 4885 2094 4988">
     <span class='ocr_line' id='line_1_37' title="bbox 403 4885 2094 4988; baseline -0.001 -24"><span class='ocrx_word' id='word_1_346' title='bbox 403 4885 529 4964; x_wconf 68' lang='lat' dir='ltr'>usus</span> <span class='ocrx_word' id='word_1_347' title='bbox 551 4888 592 4960; x_wconf 81' lang='lat' dir='ltr'>in</span> <span class='ocrx_word' id='word_1_348' title='bbox 614 4886 754 4961; x_wconf 75' lang='lat' dir='ltr'>voum</span> <span class='ocrx_word' id='word_1_349' title='bbox 780 4886 838 4987; x_wconf 77' lang='lat' dir='ltr'>(a)</span> <span class='ocrx_word' id='word_1_350' title='bbox 863 4889 960 4962; x_wconf 79' lang='lat' dir='ltr'>intes</span> <span class='ocrx_word' id='word_1_351' title='bbox 985 4887 1113 4964; x_wconf 83' lang='lat' dir='ltr'>oculos</span> <span class='ocrx_word' id='word_1_352' title='bbox 1148 4887 1321 4965; x_wconf 69' lang='lat' dir='ltr'>laterales</span> <span class='ocrx_word' id='word_1_353' title='bbox 1347 4891 1436 4988; x_wconf 69' lang='lat' dir='ltr'>(rig.</span> <span class='ocrx_word' id='word_1_354' title='bbox 1468 4909 1499 4962; x_wconf 85' lang='lat' dir='ltr'>r.</span> <span class='ocrx_word' id='word_1_355' title='bbox 1527 4889 1578 4986; x_wconf 87' lang='lat' dir='ltr'>a).</span> <span class='ocrx_word' id='word_1_356' title='bbox 1643 4885 1689 4964; x_wconf 82' lang='lat' dir='ltr'>Os</span> <span class='ocrx_word' id='word_1_357' title='bbox 1713 4888 1907 4962; x_wconf 84' lang='lat' dir='ltr'>terminals</span> <span class='ocrx_word' id='word_1_358' title='bbox 1931 4889 2094 4962; x_wconf 73' lang='lat' dir='ltr'>suborn-</span> 
     </span>
    </p>
   </div>
   <div class='ocr_carea' id='block_1_4' title="bbox 0 0 2227 5892">
    <p class='ocr_par' dir='ltr' id='par_1_7' title="bbox 0 0 2227 5892">
     <span class='ocr_line' id='line_1_38' title="bbox 0 0 2227 5892; baseline 0 0"><span class='ocrx_word' id='word_1_359' title='bbox 0 0 2227 5892; x_wconf 95' lang='lat' dir='ltr'> </span> 
     </span>
    </p>
   </div>
  </div>
 </body>
</html>
