4404 5902
852 382 1000 437 ΕΞ
1520 371 1767 474 '³3

379 619 464 724 97.
520 607 926 707 LACERTA
977 607 1177 732 epodo.
1217 610 1351 704 TAB.
1391 603 1504 705 VI.¹

218 761 267 845 L.
301 789 477 877 corpore
506 758 738 844 annulatim
764 757 956 863 loricato,
987 753 1292 871 appendicibus
1320 777 1486 844 tantum
1513 753 1627 846 binis
1654 757 1774 880 pedi·

78 909 283 999 formibus
311 911 517 1027 adactylis
545 914 600 996 ad
628 940 766 995 anum.

295 1071 472 1150 Lacerta
499 1096 621 1180 spus,
650 1066 753 1150 Poll.
784 1072 861 1148 itin
898 1066 976 1147 Ill.
1004 1095 1045 1181 p.
1075 1096 1169 1171 702.
1197 1063 1305 1146 Nou.
1331 1064 1447 1148 Com.
1476 1065 1636 1179 Petrop.
1652 1060 1769 1151 XIX.

350 1252 393 1332 p.
421 1231 513 1322 435.
542 1217 629 1300 tab.
658 1250 698 1322 9.
728 1217 899 1301 Gmelin.
927 1237 1033 1326 syst.
1059 1219 1150 1299 Lin.
1179 1218 1256 1298 III.
1286 1246 1328 1328 p.
1365 1249 1480 1328 1⁰79·
1509 1247 1572 1334 sp.
1601 1251 1668 1331 77.
1856 1195 1864 1211 ⁶

295 1365 459 1480 Anguis
487 1364 707 1469 centralis,
742 1373 1002 1481 (perperam)
1028 1367 1241 1452 Gitldenst.
1269 1367 1358 1450 MS.

299 1517 618 1635 Amphisbaena
647 1517 832 1632 caspica,
874 1521 1045 1605 Gmelin.
1070 1526 1158 1635 jun.

116 1778 120 1783 .
187 1669 384 1760 Cosaccis
412 1672 591 1756 Gluchar
623 1668 673 1780 (i.
701 1697 741 1752 e.
770 1671 973 1782 Surdus).
1028 1676 1168 1753 Tauro
1185 1721 1197 1734 ·
1212 1669 1356 1754 tataris
1384 1673 1599 1759 tractata.

217 1827 290 1909 Ad
329 1851 500 1909 omnem
530 1822 789 1919 Caucasum,
844 1819 892 1904 in
920 1817 1056 1932 hqrtis
1086 1821 1138 1903 ad
1164 1823 1376 1906 Terekum
1405 1843 1449 1907 et
1476 1822 1522 1907 in
1551 1849 1770 1915 montosae

108 2001 182 2062 orae
206 1975 410 2062 Tauricae
439 1970 713 2075 Chersonesi,
740 1971 995 2076 nemorosis,
1034 1969 1224 2057 herbidis
1255 1972 1519 2059 convallibus
1548 1973 1770 2095 hortisque

112 2121 198 2215 haud
222 2127 479 2240 infrequens.
536 2129 638 2208 Non
665 2121 797 2237 fugit,
827 2122 910 2206 nisi
939 2123 1134 2238 proxime
1163 2125 1393 2209 accedente
1424 2122 1620 2233 homine,
1660 2154 1770 2218 tum·

111 2305 171 2389 que
191 2276 482 2377 velocissime3
537 2272 640 2399 hinc
680 2304 835 2359 nornen
877 2278 988 2390 apud
1029 2277 1306 2360 Terekienses
1336 2276 1541 2364 Cosaccos
1569 2281 1769 2372 obtinuit.

115 2428 164 2512 Ob
182 2428 329 2548 capitis
371 2427 533 2512 molem
570 2425 700 2512 etiam
740 2428 1001 2513 Goloruotscb
1030 2426 1227 2542 (capito)
1256 2429 1492 2543 appellatur
1519 2434 1573 2516 ab
1600 2433 1768 2522 iisdem.

113 2581 233 2668 Granio
271 2581 466 2668 diffracto
508 2577 650 2664 statim
689 2578 882 2682 moritur,
940 2580 1065 2662 corde
1108 2577 1271 2664 excisso
1309 2609 1387 2694 per
1420 2582 1599 2668 biduum
1628 2583 1768 2673 adhuc

111 2754 296 2842 superstes.
354 2731 479 2819 Circa
503 2729 625 2815 Tiflis
640 2729 847 2843 Georgiae
875 2727 1005 2814 etiam
1030 2728 1269 2815 observavit
1293 2733 1351 2816 ct
1376 2735 1768 2826 Gitldenstoedt.

111 2879 344 2971 Ventriculus
372 2886 618 3002 plerumque
647 2881 837 2968 cochleis
865 2879 1128 2968 terrestribus
1157 2882 1361 2999 repletus,
1401 2885 1552 3000 quibus
1579 2850 1763 2981 victitat·

111 3028 232 3123 Foetes
262 3036 536 3140 virescentes,
568 3065 775 3120 mucosae.

212 3192 255 3274 N
264 3209 325 3276 ot.
365 3186 710 3304 Descriptionem
736 3217 832 3271 cum
862 3208 1055 3271 anatome
1085 3210 1320 3272 accuratam
1350 3189 1453 3275 dedi
1480 3190 1527 3274 in
1555 3193 1765 3278 Commen-

110 3345 198 3426 ttu'r's
220 3339 478 3426 Academiae
506 3349 588 3428 loc.
620 3347 690 3423 cit.
718 3358 762 3422 et
788 3369 873 3423 non
902 3340 954 3422 ad
984 3343 1226 3454 Serpentes,
1268 3341 1342 3425 sed
1371 3344 1425 3425 ad
1453 3348 1646 3426 Lacertas
1672 3371 1763 3430 esse

107 3488 356 3598 referendam,
386 3493 481 3578 luce
509 3489 742 3578 meridiana
769 3489 920 3575 clarius
948 3489 1138 3605 exposui.
1196 3493 1268 3576 Ad
1294 3497 1512 3579 Lacertom
1539 3501 1763 3608 anguinum

102 3635 181 3730 lin.
208 3642 402 3762 proxime
427 3644 617 3743 accedit,
643 3641 777 3727 immo
804 3645 913 3728 forte
940 3640 1294 3758 Amphisbaenas.
1350 3645 1537 3731 Lacertis
1567 3644 1763 3762 approxi-

97 3816 185 3903 mat,
226 3799 339 3913 quod
379 3825 434 3882 ex
474 3803 686 3882 Anatome
726 3793 878 3881 harum
920 3792 1116 3911 liquebit.
1188 3798 1312 3881 Color
1350 3796 1398 3881 in
1435 3797 1608 3882 tauricis
1637 3828 1762 3913 saepe

92 3973 201 4062 supra
225 3950 484 4056 lascescens,
516 3949 658 4033 subtus
686 3949 827 4032 flavus.
847 3999 900 4012 -
928 3954 978 4032 In
1006 3944 1074 4031 his
1102 3949 1279 4032 observo
1310 3947 1448 4033 adhuc
1476 3955 1589 4064 quod
1605 3953 1762 4036 Clooca

85 4100 233 4186 cavitas
260 4129 429 4214 rugosa,
485 4097 643 4216 pollice
680 4095 755 4224 vix
792 4097 951 4200 minor,
1006 4096 1054 4181 in
1082 4105 1198 4212 cujus
1226 4101 1358 4185 fundo
1386 4110 1563 4186 intestini
1592 4099 1760 4208 ostium,

82 4254 187 4368 rugis
214 4251 524 4370 prominulum,
580 4274 676 4338 ante
717 4247 828 4336 illud
868 4256 1053 4338 uretlrroe
1095 4273 1286 4367 apertura
1326 4253 1542 4339 valvulosa
1569 4282 1602 4337 e
1622 4251 1762 4338 vesica

76 4403 258 4491 urinaria
287 4434 460 4520 magna,
501 4404 699 4517 oblonga.
747 4411 871 4491 ‘Pone
898 4403 1009 4490 hanc
1037 4402 1084 4488 in
1113 4403 1307 4489 masculis
1334 4402 1530 4520 utrinque
1560 4408 1636 4490 sub
1664 4427 1761 4489 cute

70 4566 186 4644 sinus
213 4559 301 4642 fere
329 4555 566 4674 polliceris,
621 4554 735 4642 intus
764 4555 1008 4653 muricatus‚
1066 4554 1335 4640 extremitate
1363 4555 1507 4671 spinae
1535 4554 1763 4642 vertebrali

68 4707 217 4796 affixis
273 4707 331 4792 Hi
359 4708 594 4797 extroversi
617 4717 820 4826 genitalia
850 4709 1034 4796 mascula
1074 4709 1293 4824 praebent.
1364 4707 1547 4827 Reliqua
1587 4706 1685 4796 vide
1713 4705 1761 4793 in

67 4892 169 4950 mea
197 4862 480 4981 descriptione.

1292 5026 1316 5104 ⁵
