4404 5902
263 387 363 478 att
1031 404 1180 459 ===

407 620 583 705 Descr.
640 608 823 699 Maximi
864 584 1112 696 dodrantem
1149 634 1235 693 non
1274 627 1478 720 aequant3
1523 612 1668 719 jonna
1702 610 1953 727 cyprinacea

270 766 887 883 cathetoplateolanceolata,
930 765 1055 848 dorso
1091 790 1233 845 versus
1268 759 1444 875 pinnam
1482 785 1603 847 acute
1634 760 1838 850 carinato.
1895 768 1955 853 Os

268 896 474 1004 iabiatum
486 979 502 1018 ,
547 925 732 1004 maxillis
771 912 1039 1029 aequalibus,
1084 911 1280 997 minutim
1317 933 1361 994 et
1394 910 1632 996 acutissime
1668 914 1954 1020 denticulatis,

199 1084 208 1108 ¹
270 1066 469 1154 dentibus
497 1101 619 1187 supra
644 1065 691 1151 in
720 1065 862 1151 medio
890 1065 1017 1180 paulo
1044 1060 1282 1173 majoribus.
1341 1065 1450 1175 (Fig.
1482 1064 1542 1173 b.)
1568 1063 1698 1148 'lricies
1725 1064 1860 1151 viridi
1885 1099 1954 1152 an.

268 1241 398 1305 ratae.
454 1219 659 1334 Oparcula
691 1213 988 1303 branchiamm
1022 1212 1126 1298 hinc
1162 1212 1263 1298 inde
1291 1213 1578 1328 squamulosa,
1617 1243 1759 1299 versus
1787 1220 1956 1306 dorsum

269 1369 425 1482 angulo
454 1370 704 1475 subbilobo,
754 1368 937 1454 ocellato
971 1363 1211 1481 pmminula
1248 1367 1391 1449 subtus
1419 1363 1687 1450 transversim
1714 1369 1834 1481 pelle
1863 1400 1955 1456 coa·

268 1521 444 1619 dunata;
474 1528 630 1606 lamina
658 1518 914 1606 subocularis
942 1517 1168 1601 crenulata.
1227 1516 1414 1600 Flabella
1441 1514 1706 1601 branchialia
1731 1520 1811 1603 sub
1840 1552 1954 1638 oper·

266 1669 373 1753 culis
414 1670 618 1776 latentia,
661 1671 946 1756 trilamellata.
1017 1653 1188 1752 Macula
1229 1673 1418 1752 ocellatis
1457 1664 1662 1778 insignis,
1705 1669 1847 1756 ovalis
1887 1675 1955 1760 vel

262 1816 510 1926 rhombica,
549 1822 749 1937 obliqua,
804 1820 1030 1904 coeruleo-
1047 1839 1134 1900 atra
1177 1816 1222 1901 in
1263 1813 1385 1933 apice
1427 1817 1721 1931 operculorum
1757 1819 1955 1939 utrinque

261 1998 385 2085 supra
410 1969 604 2087 infraque
629 1982 762 2084 striga
788 1968 1060 2055 cinnabariua
1086 1967 1283 2083 gemina,
1335 1996 1537 2081 cyaneam
1565 1955 1825 2058 includente
1853 2005 1955 2059 mar·

259 2116 425 2234 giusta,
451 2152 626 2237 quarum
654 2122 798 2208 infima
825 2151 940 2206 oram
968 2119 1261 2236 operculornm
1290 2147 1429 2202 versus
1457 2119 1597 2232 gulam
1623 2119 1732 2235 legit
1755 2157 1767 2221 ;
1793 2148 1951 2238 praete·

258 2298 333 2353 rea
359 2271 491 2357 latera
517 2272 697 2388 capitis,
751 2273 860 2358 infra
900 2274 1069 2374 oculos,
1125 2279 1266 2383 strigis
1305 2268 1439 2353 rubris
1481 2291 1526 2352 et
1563 2270 1737 2384 cyaneis
1766 2275 1948 2377 alternis,

259 2421 501 2534 parallelis,
542 2425 638 2540 plus
678 2422 869 2507 minusve
909 2419 1144 2524 distinctis,
1187 2418 1361 2534 oblique
1400 2420 1557 2505 striata.
1625 2422 1788 2539 Carpus
1814 2447 1946 2513 totum

261 2568 400 2656 viride
428 2576 498 2660 vel
526 2574 718 2659 obsoleta
745 2603 895 2687 gryseo
923 2573 1159 2675 virescens,
1189 2576 1330 2680 fascia
1365 2573 1418 2656 ad
1456 2572 1666 2657 dorsalem
1701 2574 1884 2687 pinnam
1907 2597 1949 2664 et

260 2722 501 2837 angustiore
529 2726 709 2808 laterum
738 2723 1010 2827 saturatiore,
1048 2725 1117 2806 vel
1159 2751 1308 2835 gryseo
1323 2774 1337 2788 ·
1351 2725 1640 2828 fuscescente,
1683 2726 1739 2811 ad
1782 2730 1946 2815 dorsum

260 2901 387 2987 saepe
423 2873 535 2958 inter
570 2905 760 2990 squamas
809 2878 933 2960 rubro
948 2927 961 2939 -
976 2875 1295 2976 reticulatum,
1326 2868 1720 2990 macrolepidotum.
1801 2882 1944 2967 Sanan

258 3027 446 3109 lateralis
472 3027 596 3110 dorso
633 3025 774 3111 vicina
809 3047 854 3108 et
891 3027 1118 3141 parallela,
1161 3055 1274 3139 pone
1313 3010 1488 3140 pinnam
1530 3028 1741 3114 dorsalem
1766 3040 1943 3117 'urenae

259 3169 417 3258 inflexa
456 3198 501 3261 et
538 3205 617 3292 per
649 3178 825 3261 caudam
862 3199 976 3261 recta
1009 3175 1236 3289 medioque
1274 3203 1465 3291 pergens.
1542 3179 1699 3265 Pinnae
1724 3188 1943 3295 pectorales

258 3320 496 3410 virescente
523 3324 748 3442 hyalinae,
778 3327 1117 3430 flabelliformes,
1150 3323 1585 3429 duodecimradiatae3
1613 3338 1819 3419 ventrales
1846 3332 1941 3417 inte

258 3472 345 3558 rius
374 3477 610 3582 fraenatae,
639 3507 850 3593 cyaneae,
878 3478 1165 3580 sexradiatae,
1196 3476 1323 3560 radiis
1352 3508 1476 3591 saepe
1507 3481 1783 3586 rubentibus,
1813 3482 1941 3597 primo

215 3714 222 3731 ‚
258 3625 471 3741 simplici3
510 3638 727 3746 squamulo
767 3631 948 3742 oblonga
983 3627 1142 3712 ventris
1185 3628 1297 3712 inter
1333 3628 1498 3744 pinnas.
1568 3633 1616 3715 Ρ.
1644 3633 1759 3717 dorsi
1786 3633 1937 3733 viridis,

257 3776 449 3890 margine
478 3799 523 3864 et
550 3779 677 3894 striga
704 3783 854 3882 rubra,
899 3774 1028 3860 radiis
1057 3779 1196 3861 antico
1234 3795 1292 3881 ¹4·
1322 3778 1501 3892 spinosis
1528 3783 1807 3897 aequalibus,
1852 3808 1936 3868 cunt

257 3925 458 4012 laciniola
486 3932 539 4014 ad
568 3931 755 4048 apicem,
793 3927 967 4044 posticis
1004 3963 1064 4012 ιο.
1106 3928 1303 4026 ramosis,
1343 3929 1552 4043 prolixior
1587 3954 1630 4016 et
1668 3936 1796 4019 rubro
1824 3956 1934 4045 saepe

258 4100 474 4191 punctata.
529 4083 576 4167 P.
607 4091 678 4167 aui
705 4081 832 4164 radiis
866 4093 926 4165 13.
955 4109 1130 4193 quorum
1160 4077 1289 4194 primi
1315 4099 1398 4163 tres
1427 4080 1610 4197 spinosi,
1637 4085 1796 4199 postici
1824 4077 1933 4198 proli·

259 4226 425 4332 xioras,
469 4261 659 4346 cyaneo·
676 4230 851 4334 viridis,
898 4230 989 4313 basi
1035 4233 1272 4316 flavescens.
1347 4233 1517 4318 Caudae
1557 4232 1687 4348 pinna
1728 4235 1929 4318 rotundam

260 4380 393 4464 radiis
437 4381 711 4498 quindecim
767 4391 931 4469 macula
969 4380 1088 4497 nigra
1115 4384 1310 4498 utrinque
1338 4383 1384 4468 in
1412 4382 1557 4469 medio
1584 4387 1744 4469 caudae
1773 4402 1928 4470 carucae

260 4529 410 4617 latere.

399 4684 446 4769 N
451 4704 519 4772 ot.
578 4689 740 4802 Capitis
774 4683 1007 4801 variegatio
1044 4696 1125 4797 jam
1162 4688 1207 4773 in
1242 4688 1399 4772 tenella
1433 4686 1553 4803 prole
1588 4713 1783 4805 apparet,
1824 4696 1926 4768 utet

258 4835 446 4925 maculae
473 4839 646 4931 caudae·
701 4844 738 4935 E
773 4841 881 4929 mari
915 4850 1059 4931 recens
1100 4839 1279 4929 extracti
1314 4838 1452 4956 pisces
1485 4838 1777 4954 pulcherrimo
1811 4838 1924 4926 solent
