4404 5902
778 462 1028 569 xxxin.
1089 464 1434 570 trans

396 918 514 996 Inter
531 914 697 997 Labros
721 933 769 996 st
791 914 969 1028 Sparos,
992 940 1149 1035 genere
1173 914 1336 1001 marina
1360 909 1560 1028 piscium,
1574 916 1725 1028 quossi
1748 914 1947 1006 habitum

262 1090 418 1177 aequae
444 1085 493 1146 et
514 1063 648 1147 totius
669 1083 1171 1160 sunotnmeemomsnts,
1201 1067 1311 1148 adeo
1336 1063 1527 1177 precaria
1553 1065 1721 1153 obtinet
1747 1067 1944 1153 differen-

264 1215 347 1316 tia,
387 1236 465 1312 ut,
492 1213 587 1298 :nisi
602 1211 804 1297 stabilito
828 1215 919 1296 fixo
941 1211 1381 1325 aliquocharactere,
1431 1213 1512 1297 vix
1534 1212 1740 1328 distingui
1766 1218 1942 1333 possint.

258 1372 384 1450 Hunc
407 1393 512 1449 vero
535 1357 583 1446 in
609 1371 721 1449 linea
741 1371 922 1450 laterali
948 1368 1044 1449 sola
1074 1367 1366 1476 quaerendum
1397 1393 1492 1477 esse
1521 1352 1777 1478 jampridem
1800 1369 1941 1452 obser.

255 1516 387 1618 vavi,
427 1542 535 1618 quae
569 1514 701 1598 otiam
721 1513 1005 1629 :inapluribus
1027 1513 1127 1599 aliis
1150 1514 1378 1628 generibus
1398 1535 1596 1601 constans
1616 1517 1797 1626 praebet
1818 1515 1944 1606 crite·

254 1667 397 1764 rium,
437 1667 512 1749 sei
544 1693 749 1766 numero,
791 1687 843 1748 ut
871 1667 921 1748 iu
937 1666 1205 1754 zicus-acibus,
1240 1665 1439 1764 uostris,
1459 1664 1536 1749 rel
1555 1662 1776 1764 absentia,
1819 1691 1870 1752 ut
1892 1668 1945 1766 in

254 1817 432 1918 Gobiis,
466 1817 541 1900 vel
569 1815 657 1899 situ
687 1813 1186 1918 et„c011stituti0ns,.·ut
1199 1813 1456 1929 praesertim
1478 1813 1530 1899 in
1555 1840 1778 1900 numerosa
1800 1840 1941 1928 gente,

250 1970 408 2052 Lubsis
432 1989 561 2080 atque
585 1969 753 2081 Sparis3
810 1995 945 2079 quae,
979 1964 1020 2049 si
1043 1965 1308 2068 excluseris,
1341 1987 1393 2055 ut
1412 1984 1535 2049 recte
1557 1932 1800 2053 Festinus
1822 1967 1946 2074 iecit,

249 2121 427 2220 Scarus,
452 2115 628 2230 (quibus
651 2113 853 2199 maxillae
876 2144 1022 2200 osseae
1045 2144 1123 2228 pro
1150 2114 1351 2203 dentibus.
1376 2138 1595 2219 exsertae,
1620 2138 1668 2201 et
1690 2144 1870 2232 quorum
1892 2118 1944 2203 in

253 2270 415 2384 gelidis
438 2265 596 2354 uostris
617 2265 802 2349 maribus
826 2267 948 2351 nulla
971 2264 1082 2349 vivit
1106 2267 1318 2380 species),
1356 2265 1545 2359 maxillis
1571 2266 1771 2363 labiatis,
1795 2269 1945 2383 pinnas

256 2447 349 2504 rum
375 2440 611 2520 structura,
647 2436 824 2528 totoque
860 2445 1039 2530 corpore
1070 2437 1118 2501 et
1144 2419 1334 2502 colorum
1372 2415 1581 2501 varietate
1614 2420 1726 2504 adeo
1754 2417 1871 2504 inter
1893 2448 1942 2506 so

257 2569 533 2671 concernunt,
557 2589 609 2652 ut
627 2567 805 2652 unicum
828 2569 1020 2652 naturale
1044 2595 1179 2679 genus
1202 2569 1429 2653 videantur
1451 2567 1725 2659 constituere.
1756 2575 1942 2657 Intent'a

257 2741 400 2803 autem
424 2719 661 2833 specierum
684 2739 776 2801 tam
815 2716 1004 2801 affinium
1036 2719 1271 2832 farragine,
1310 2750 1392 2834 pro
1423 2718 1676 2806 facilitando
1705 2721 1942 2836 specierum

256 2869 503 2981 cognitione
538 2891 588 2952 et
622 2867 975 2953 determinatione
1007 2900 1064 2955 eo
1092 2872 1167 2954 sei
1198 2871 1362 2955 minuto
1400 2868 1647 2957 charactere
1671 2871 1849 2964 omnino
1872 2868 1938 2957 uti

254 3018 377 3103 licet,
429 3021 593 3104 Labros
612 3018 757 3131 itaque
782 3021 1020 3103 vocaverim
1042 3049 1193 3106 omnes
1215 3018 1343 3128 hujus
1369 3020 1587 3107 affinitatis
1608 3019 1761 3133 pisces,
1785 3021 1939 3133 quibus

257 3191 401 3252 sutura
427 3168 614 3252 lateralis
637 3170 685 3251 in
710 3136 885 3282 corpore
910 3173 1038 3253 dorso
1061 3171 1202 3254 vicina
1229 3191 1274 3252 et
1300 3171 1530 3282 parallela,
1563 3172 1620 3254 ad
1644 3169 1817 3254 initium
1842 3199 1939 3254 cau·

256 3322 340 3404 siae
364 3342 534 3403 strenue
557 3321 751 3403 deorsum
776 3319 1013 3422 monitate,
1029 3320 1287 3435 ,peunedia
1312 3320 1474 3404 caudae
1497 3321 1629 3401 latera
1654 3317 1936 3423 continuatur,

252 3471 382 3584 Spuri
406 3493 548 3555 autem
574 3465 685 3553 mihi
710 3490 847 3571 munt,
872 3469 948 3582 qui
972 3476 1159 3556 nuaram
1181 3471 1400 3557 lateralem
1424 3469 1636 3556 adfflfinem
1659 3467 1817 3583 pinnae
1843 3471 1938 3554 dor·

253 3620 356 3707 salis
389 3621 567 3704 omnino
602 3620 848 3732 abruptam,
886 3624 1153 3734 praeferunt'5
1173 3649 1313 3737 quam
1358 3622 1444 3706 alia
1480 3618 1789 3705 succenturiata
1820 3621 1937 3707 linea

254 3774 451 3888 supplet,
483 3770 661 3855 inferius
687 3800 766 3883 per
789 3772 949 3856 caudae
973 3773 1107 3856 latera
1131 3772 1324 3887 pergensss
1380 3767 1555 3881 Reliqui
1581 3767 1699 3852 enim
1725 3765 1937 3854 characte-

249 3952 348 4025 res,
384 3932 603 4036 pinnarum
626 3949 783 4037 nempe
806 3920 1081 4025 mussitatio,
1113 3929 1397 4034 opsmulornm
1417 3918 1581 4003 lamina
1605 3917 1724 4033 prior
1747 3916 1935 4002 denticu-

254 4075 367 4177 lata,
420 4070 634 4186 posterior
665 4071 803 4156 limbo
833 4075 1154 4161 membranaceo
1184 4073 1408 4186 angulata,
1446 4068 1630 4178 flabella
1659 4065 1936 4167 branchialia,

254 4254 517 4342 sqmmerum
543 4220 821 4335 magnitudo,
845 4246 1042 4317 anatome
1066 4246 1112 4309 et
1138 4225 1276 4315 leuna¹
1298 4221 1515 4336 corporis,
1540 4218 1596 4303 :in
1620 4217 1818 4305 omnibus
1845 4249 1936 4333 spe·

255 4375 404 4460 ciebus
431 4372 704 4460 conveniunt.
769 4376 1008 4461 &cuneum
1035 4376 1163 4461 istam
1187 4398 1329 4460 sutem
1343 4393 1500 4457 notam
1524 4369 1573 4454 in
1598 4391 1812 4485 posterum
1841 4370 1935 4455 Ich·

253 4522 556 4637 thyologoruus
582 4525 704 4638 Spari
722 4547 778 4611 et
802 4525 955 4629 Labri,
981 4557 1096 4615 nunc
1119 4520 1370 4643 promiscui,
1394 4521 1479 4607 rite
1502 4542 1626 4607 eruut
1649 4517 1934 4633 dispescendi.

245 4675 346 4760 Nec
387 4701 490 4757 sero
531 4674 623 4758 sine
660 4675 968 4791 ichnographia
1011 4677 1200 4790 cognitio
1237 4674 1478 4792 specierum.
1503 4669 1720 4785 utriusque
1754 4669 1933 4786 genesis,
