4404 5902
889 334 1034 396 ..·=.·.·e.-..
1719 346 1811 432 209

336 572 448 665 152.
507 567 842 663 crunni
904 572 1218 688 morengis.
1271 574 1403 665 rAn.
1451 574 1597 693 xit.
1672 524 1675 529 ’

257 846 308 933 C.
339 846 513 930 maxilla
540 841 740 929 inferiore
768 843 973 957 longiore,
1001 845 1134 958 pinna
1164 845 1278 932 dorsi
1304 845 1517 932 radiomm
1557 885 1618 959 ¹7·
1656 849 1810 938 Carina

106 995 358 1084 abdominis
384 997 561 1111 integra.
602 999 746 1081 Bloch.
775 1008 875 1111 pise.
903 1028 1032 1107 germ.
1062 1001 1097 1080 Ι.
1127 1031 1168 1113 p.
1205 1011 1291 1086 186.
1321 1033 1360 1085 n.
1397 1039 1430 1085 ι.
1459 1002 1546 1087 tob.
1576 1034 1641 1110 29.
1661 1005 1748 1117 fig.
1777 1039 1810 1090 1.

337 1157 572 1262 Harengus,
601 1149 762 1232 Gesner.
795 1159 895 1262 pise.
926 1168 1089 1259 p;410.
1346 1121 1350 1125 ¹

335 1302 538 1413 Herring,
599 1301 820 1412 Wrzlughb.
855 1306 983 1384 Ichtlr.
1022 1335 1062 1415 p.
1086 1301 1193 1408 219.
1249 1306 1342 1423 Raj.
1378 1337 1473 1416 syn.
1511 1315 1612 1418 pise.
1648 1337 1687 1421 p.
1722 1319 1807 1398 10'3.

391 1456 514 1537 Penn.
544 1453 664 1536 Zool.
693 1456 796 1537 Brit.
830 1459 926 1565 (ᾀό)
958 1458 1033 1535 ΠΙ.
1065 1488 1105 1568 p.
1136 1473 1228 1562 294.
1258 1489 1296 1539 n.
1336 1472 1424 1542 160.
1454 1460 1540 1543 tob.
1571 1472 1638 1546 68.

341 1605 502 1719 Clupea
529 1611 764 1719 Harengus,
793 1611 883 1690 Lin.
911 1628 1015 1719 syst.
1043 1610 1140 1690 XII.
1170 1611 1204 1690 l.
1235 1639 1276 1721 p.
1307 1623 1400 1695 522.
1430 1641 1490 1722 sp.
1525 1646 1560 1697 1.

227 1756 372 1844 Rossis
398 1757 515 1860 Seld,
544 1742 742 1842 Seloetlso.

259 1922 311 1995 In
339 1908 445 1993 mari
472 1911 601 1994 boreo
630 1933 673 1994 et
702 1913 812 2011 albo,
842 1940 1034 1998 necnon
1062 1911 1107 1996 in
1126 1917 1298 2000 Oceano
1318 1934 1450 1996 totam
1469 1913 1811 2006 Camtschatcarn

106 2068 304 2155 alluente
333 2085 376 2145 et
404 2061 449 2146 in
478 2059 573 2184 sinu
601 2059 854 2168 Ochotensi,
913 2064 1129 2148 immensis
1159 2065 1417 2178 agminibuS,
1476 2066 1540 2150 uti
1568 2097 1644 2182 per
1671 2092 1809 2156 totum

16 2296 25 2337 ς
67 2217 267 2319 ‚arctici
293 2213 385 2332 poli
411 2214 638 2318 ambitum,
669 2215 851 2329 Harengi
880 2238 1107 2330 apparent,
1136 2217 1313 2301 diversis
1344 2217 1445 2301 anni
1472 2221 1733 2334 temporibus
1765 2244 1810 2307 et

10 2470 19 2503 μ
63 2340 69 2351 ¹
104 2370 280 2459 ratione
310 2367 507 2452 diversa..·.·
529 2369 780 2453 Jamdudum
794 2368 1038 2483 Petropolin
1068 2371 1144 2452 sub
1173 2368 1374 2482 hyemem
1403 2369 1519 2484 capti
1547 2394 1591 2455 et
1618 2396 1810 2463 recenter

10 2514 16 2541 '
104 2519 330 2635 congelati
358 2549 382 2604 e
412 2519 586 2605 Colensi
612 2518 784 2632 regione
815 2522 1134 2620 adferebantur3
1163 2520 1345 2635 genuina
1372 2520 1597 2636 piscatura,
1624 2554 1701 2639 pro
1731 2523 1810 2610 sal·

103 2672 334 2773 ramentis,
376 2700 509 2787 nuper
547 2674 719 2756 demum
757 2672 899 2786 vigere
942 2672 1106 2787 coepit,
1152 2669 1402 2781 consociatis
1437 2676 1490 2757 ad
1528 2698 1808 2764 mercaturam

102 2825 244 2915 maris
271 2823 359 2908 albi
385 2823 698 2908 mercatoribus.
739 2826 809 2908 Ad
824 2822 1161 2910 Camtsclratcam
1189 2824 1410 2939 capiuntur
1445 2851 1494 2909 1⁰.
1524 2825 1663 2943 primo
1691 2857 1811 2934 vere,

102 2976 274 3067 Martio
301 2974 464 3061 scilicet
491 2996 535 3059 et
563 2974 730 3089 Aprili3
773 2977 902 3061 altera
929 2980 1024 3059 vice
1054 2976 1165 3080 circa
1193 2975 1365 3060 initium
1392 2976 1497 3061 Julii
1525 2999 1569 3061 et
1597 3009 1674 3094 per
1699 2978 1808 3064 inte·

101 3160 238 3249 grum
264 3127 388 3213 illum
418 3156 619 3213 mensem.
675 3131 954 3213 Adscendunt
982 3128 1148 3212 seilicet
1174 3125 1223 3210 hi
1250 3126 1409 3243 pisces,
1438 3126 1551 3211 circa
1577 3123 1807 3216 solstitium

103 3281 346 3384 aestivum,
387 3278 616 3364 innumeris
645 3281 860 3396 gregibus,
888 3301 1003 3364 certo
1032 3303 1175 3362 tamen
1203 3278 1352 3371 ordine
1380 3308 1404 3360 e
1435 3277 1564 3382 mari,
1611 3279 1724 3363 sinus
1752 3307 1807 3364 ae

103 3462 304 3522 recessus
330 3431 520 3516 littorum
549 3455 817 3548 quaerentes,
866 3453 909 3515 et
938 3430 1012 3515 ubi
1038 3429 1083 3513 in
1112 3432 1225 3515 lacus
1254 3449 1373 3543 patet
1401 3427 1470 3511 via
1498 3429 1619 3529 illos,
1663 3453 1808 3547 partus

103 3582 280 3673 edendi
311 3585 465 3698 gratia,
493 3614 545 3669 eo
573 3584 802 3688 lubentius,
845 3614 929 3697 quo
957 3580 1185 3696 quietiores
1214 3581 1397 3693 eligunt,
1438 3578 1585 3695 ibique
1615 3583 1807 3670 exsoluta

101 3765 276 3827 venere
314 3735 469 3852 partim
509 3734 556 3819 in
597 3765 710 3821 mare
749 3735 891 3820 statim
932 3766 1028 3820 cum
1070 3735 1232 3818 foetura
1260 3730 1515 3844 remigrant,
1569 3734 1724 3850 partim
1752 3736 1808 3821 ad

96 3887 349 3982 solstitium
388 3885 627 4004 hybernum
667 3917 797 4003 usque
839 3909 1079 3987 morantur3
1136 3907 1179 3969 et
1214 3881 1314 3998 quia
1347 3906 1448 3968 tunc
1486 3883 1808 3999 tempestatibus

96 4040 228 4139 ostia
256 4039 369 4126 lacus
396 4071 420 4122 a
448 4039 555 4125 mari
581 4041 728 4126 sabulo
765 4062 809 4124 et
845 4037 1004 4154 lapillis
1040 4036 1292 4151 implentur,
1334 4034 1488 4150 partim
1518 4034 1805 4151 superincum-

92 4202 249 4291 bente
276 4190 440 4277 nivium
468 4192 581 4279 mole
609 4194 735 4309 plane
764 4194 1033 4294 obturantur,
1062 4190 1204 4274 clauso
1233 4187 1370 4291 exitu,
1400 4187 1619 4272 innumera
1646 4186 1808 4274 exami-

90 4383 183 4454 na,
211 4375 312 4430 cum
340 4344 460 4459 prole
489 4372 560 4427 sua
588 4343 635 4429 in
662 4346 834 4430 lacubus
863 4342 1054 4428 dulcibus
1083 4339 1320 4456 hybernare
1347 4361 1572 4453 coguntur,
1603 4338 1676 4423 ubi
1704 4360 1808 4426 tune

88 4498 260 4625 proles
286 4496 377 4582 cito
402 4518 603 4582 staturam
629 4500 851 4613 parentum
879 4517 1098 4608 exaequat.
1168 4490 1230 4575 Hi
1270 4521 1395 4594 vero,
1436 4491 1662 4603 ingruente
1691 4518 1807 4596 vere,

89 4649 296 4768 singulis
324 4650 411 4736 sere
443 4648 593 4735 diebus
623 4651 676 4733 ad
705 4647 814 4736 ostia
840 4649 1008 4735 laeuum
1039 4667 1229 4748 enatant,
1279 4675 1331 4729 an
1360 4644 1468 4728 forte
1494 4641 1658 4731 exitum
1684 4639 1807 4727 inre·

87 4809 258 4909 uiant,
303 4801 450 4920 ibique
485 4833 511 4891 a
545 4800 725 4893 meridie
766 4802 821 4890 ad
854 4829 1071 4921 vesperam
1105 4796 1278 4901 morati,
1318 4799 1394 4884 sub
1421 4816 1593 4887 noctem
1608 4797 1675 4885 ad
1700 4815 1805 4884 uota

1307 4982 1362 5066 27
