<?xml version="1.0" encoding="UTF-8"?>
<!DOCTYPE html PUBLIC "-//W3C//DTD XHTML 1.0 Transitional//EN"
    "http://www.w3.org/TR/xhtml1/DTD/xhtml1-transitional.dtd">
<html xmlns="http://www.w3.org/1999/xhtml" xml:lang="en" lang="en">
 <head>
  <title>
</title>
<meta http-equiv="Content-Type" content="text/html;charset=utf-8" />
  <meta name='ocr-system' content='tesseract 3.04.00' />
  <meta name='ocr-capabilities' content='ocr_page ocr_carea ocr_par ocr_line ocrx_word'/>
</head>
<body>
  <div class='ocr_page' id='page_1' title='image "./zoographiarosso00pallgoog_0100.png"; bbox 0 0 4404 5902; ppageno 0'>
   <div class='ocr_carea' id='block_1_1' title="bbox 198 262 1976 1967">
    <p class='ocr_par' dir='ltr' id='par_1_1' title="bbox 198 262 1976 1967">
     <span class='ocr_line' id='line_1_1' title="bbox 936 262 1976 385; baseline 0.011 -10"><span class='ocrx_word' id='word_1_1' title='bbox 936 292 1081 362; x_wconf 69' lang='lat'>====</span> <span class='ocrx_word' id='word_1_2' title='bbox 1792 288 1851 385; x_wconf 78' lang='lat' dir='ltr'>ar</span> <span class='ocrx_word' id='word_1_3' title='bbox 1973 262 1976 269; x_wconf 82' lang='grc'>’</span> 
     </span>
     <span class='ocr_line' id='line_1_2' title="bbox 203 489 1952 611; baseline 0.002 -25"><span class='ocrx_word' id='word_1_4' title='bbox 203 496 318 587; x_wconf 83' lang='lat' dir='ltr'>uidet.</span> <span class='ocrx_word' id='word_1_5' title='bbox 384 499 437 582; x_wconf 86' lang='lat' dir='ltr'>In</span> <span class='ocrx_word' id='word_1_6' title='bbox 464 494 627 611; x_wconf 83' lang='lat' dir='ltr'>magnis</span> <span class='ocrx_word' id='word_1_7' title='bbox 664 493 838 583; x_wconf 82' lang='lat' dir='ltr'>sinubus</span> <span class='ocrx_word' id='word_1_8' title='bbox 878 498 921 581; x_wconf 81' lang='lat' dir='ltr'>fi.</span> <span class='ocrx_word' id='word_1_9' title='bbox 962 495 1102 580; x_wconf 82' lang='lat' dir='ltr'>Terels</span> <span class='ocrx_word' id='word_1_10' title='bbox 1135 514 1266 608; x_wconf 80' lang='lat' dir='ltr'>saepe</span> <span class='ocrx_word' id='word_1_11' title='bbox 1305 489 1536 608; x_wconf 82' lang='lat' dir='ltr'>biorgynlis</span> <span class='ocrx_word' id='word_1_12' title='bbox 1573 517 1618 582; x_wconf 91' lang='lat' dir='ltr'>et</span> <span class='ocrx_word' id='word_1_13' title='bbox 1657 501 1711 585; x_wconf 92' lang='lat' dir='ltr'>ad</span> <span class='ocrx_word' id='word_1_14' title='bbox 1751 522 1864 588; x_wconf 88' lang='lat' dir='ltr'>octo-</span> <span class='ocrx_word' id='word_1_15' title='bbox 1946 557 1952 563; x_wconf 83' lang='lat'><em>·</em></span> 
     </span>
     <span class='ocr_line' id='line_1_3' title="bbox 199 645 1848 766; baseline -0.005 -34"><span class='ocrx_word' id='word_1_16' title='bbox 199 651 311 764; x_wconf 88' lang='lat' dir='ltr'>pondo</span> <span class='ocrx_word' id='word_1_17' title='bbox 337 679 439 734; x_wconf 87' lang='lat' dir='ltr'>russ.</span> <span class='ocrx_word' id='word_1_18' title='bbox 460 653 567 756; x_wconf 52' lang='grc' dir='ltr'>(δυο</span> <span class='ocrx_word' id='word_1_19' title='bbox 597 647 716 760; x_wconf 80' lang='lat' dir='ltr'>libr.)</span> <span class='ocrx_word' id='word_1_20' title='bbox 744 674 1012 750; x_wconf 82' lang='lat' dir='ltr'><strong>excrescens,</strong></span> <span class='ocrx_word' id='word_1_21' title='bbox 1034 645 1294 761; x_wconf 29' lang='lat' dir='ltr'>,pauperibus</span> <span class='ocrx_word' id='word_1_22' title='bbox 1321 667 1485 731; x_wconf 89' lang='lat' dir='ltr'>tantum</span> <span class='ocrx_word' id='word_1_23' title='bbox 1510 647 1669 753; x_wconf 89' lang='lat' dir='ltr'>edulis,</span> <span class='ocrx_word' id='word_1_24' title='bbox 1708 650 1848 766; x_wconf 64' lang='lat' dir='ltr'>capito</span> 
     </span>
     <span class='ocr_line' id='line_1_4' title="bbox 200 772 1852 916; baseline 0.004 -34"><span class='ocrx_word' id='word_1_25' title='bbox 200 821 235 882; x_wconf 85' lang='lat' dir='ltr'>et</span> <span class='ocrx_word' id='word_1_26' title='bbox 254 821 387 884; x_wconf 85' lang='lat' dir='ltr'>ventre</span> <span class='ocrx_word' id='word_1_27' title='bbox 412 821 556 886; x_wconf 83' lang='lat' dir='ltr'>tamen</span> <span class='ocrx_word' id='word_1_28' title='bbox 585 828 752 914; x_wconf 82' lang='lat' dir='ltr'>semper</span> <span class='ocrx_word' id='word_1_29' title='bbox 778 800 966 908; x_wconf 74' lang='lat' dir='ltr'>abject03</span> <span class='ocrx_word' id='word_1_30' title='bbox 994 797 1127 901; x_wconf 85' lang='lat' dir='ltr'>cauda</span> <span class='ocrx_word' id='word_1_31' title='bbox 1153 796 1243 880; x_wconf 85' lang='lat' dir='ltr'>sols</span> <span class='ocrx_word' id='word_1_32' title='bbox 1264 819 1312 881; x_wconf 88' lang='lat' dir='ltr'>et</span> <span class='ocrx_word' id='word_1_33' title='bbox 1337 797 1500 912; x_wconf 86' lang='lat' dir='ltr'>postica</span> <span class='ocrx_word' id='word_1_34' title='bbox 1527 772 1625 913; x_wconf 23' lang='lat' dir='ltr'>pars·</span> <span class='ocrx_word' id='word_1_35' title='bbox 1648 800 1852 916; x_wconf 89' lang='lat' dir='ltr'>pinguior·</span> 
     </span>
     <span class='ocr_line' id='line_1_5' title="bbox 198 945 1848 1067; baseline 0.003 -34"><span class='ocrx_word' id='word_1_36' title='bbox 198 949 351 1062; x_wconf 84' lang='lat' dir='ltr'>corporis</span> <span class='ocrx_word' id='word_1_37' title='bbox 378 980 456 1064; x_wconf 89' lang='lat' dir='ltr'>pro</span> <span class='ocrx_word' id='word_1_38' title='bbox 480 948 726 1041; x_wconf 76' lang='lat' dir='ltr'>cibosaliri</span> <span class='ocrx_word' id='word_1_39' title='bbox 753 948 875 1033; x_wconf 86' lang='lat' dir='ltr'>solet.</span> <span class='ocrx_word' id='word_1_40' title='bbox 922 954 960 1032; x_wconf 93' lang='lat' dir='ltr'><strong>E</strong></span> <span class='ocrx_word' id='word_1_41' title='bbox 989 945 1129 1054; x_wconf 83' lang='lat' dir='ltr'>vesica</span> <span class='ocrx_word' id='word_1_42' title='bbox 1158 946 1322 1032; x_wconf 78' lang='lat' dir='ltr'>anemis</span> <span class='ocrx_word' id='word_1_43' title='bbox 1347 954 1465 1062; x_wconf 85' lang='lat' dir='ltr'>pejus</span> <span class='ocrx_word' id='word_1_44' title='bbox 1494 971 1539 1034; x_wconf 85' lang='lat' dir='ltr'>et</span> <span class='ocrx_word' id='word_1_45' title='bbox 1564 948 1652 1037; x_wconf 76' lang='lat' dir='ltr'>sile</span> <span class='ocrx_word' id='word_1_46' title='bbox 1680 975 1848 1067; x_wconf 86' lang='lat' dir='ltr'>paratur</span> 
     </span>
     <span class='ocr_line' id='line_1_6' title="bbox 200 1095 1854 1215; baseline 0.007 -33"><span class='ocrx_word' id='word_1_47' title='bbox 200 1097 335 1210; x_wconf 80' lang='lat' dir='ltr'><strong>gluten,</strong></span> <span class='ocrx_word' id='word_1_48' title='bbox 372 1103 451 1185; x_wconf 87' lang='lat' dir='ltr'>sed</span> <span class='ocrx_word' id='word_1_49' title='bbox 475 1099 815 1215; x_wconf 55' lang='lat' dir='ltr'>sesaminum,</span> <span class='ocrx_word' id='word_1_50' title='bbox 868 1097 1087 1210; x_wconf 83' lang='lat' dir='ltr'>Pinguedo</span> <span class='ocrx_word' id='word_1_51' title='bbox 1126 1095 1304 1181; x_wconf 86' lang='lat' dir='ltr'>inservit</span> <span class='ocrx_word' id='word_1_52' title='bbox 1340 1097 1621 1212; x_wconf 83' lang='lat' dir='ltr'>lampadibus.</span> <span class='ocrx_word' id='word_1_53' title='bbox 1639 1159 1649 1200; x_wconf 86' lang='lat'>·.</span> <span class='ocrx_word' id='word_1_54' title='bbox 1686 1105 1854 1196; x_wconf 78' lang='lat' dir='ltr'><strong>Pellem</strong></span> 
     </span>
     <span class='ocr_line' id='line_1_7' title="bbox 199 1246 1847 1371; baseline 0.007 -42"><span class='ocrx_word' id='word_1_55' title='bbox 199 1268 384 1333; x_wconf 78' lang='lat' dir='ltr'>extensam</span> <span class='ocrx_word' id='word_1_56' title='bbox 412 1249 573 1339; x_wconf 80' lang='lat' dir='ltr'>siecum</span> <span class='ocrx_word' id='word_1_57' title='bbox 595 1274 644 1335; x_wconf 80' lang='lat' dir='ltr'>et</span> <span class='ocrx_word' id='word_1_58' title='bbox 669 1251 725 1345; x_wconf 90' lang='lat' dir='ltr'>ob</span> <span class='ocrx_word' id='word_1_59' title='bbox 751 1247 1091 1363; x_wconf 86' lang='lat' dir='ltr'>pelluciditatem</span> <span class='ocrx_word' id='word_1_60' title='bbox 1126 1247 1173 1331; x_wconf 92' lang='lat' dir='ltr'>in</span> <span class='ocrx_word' id='word_1_61' title='bbox 1199 1246 1377 1361; x_wconf 84' lang='lat' dir='ltr'>tuguriis</span> <span class='ocrx_word' id='word_1_62' title='bbox 1405 1247 1674 1357; x_wconf 87' lang='lat' dir='ltr'>rusticorum,</span> <span class='ocrx_word' id='word_1_63' title='bbox 1729 1280 1847 1371; x_wconf 85' lang='lat' dir='ltr'>prae·</span> 
     </span>
     <span class='ocr_line' id='line_1_8' title="bbox 199 1396 1846 1516; baseline 0.005 -33"><span class='ocrx_word' id='word_1_64' title='bbox 199 1397 314 1484; x_wconf 74' lang='lat' dir='ltr'>terum</span> <span class='ocrx_word' id='word_1_65' title='bbox 339 1431 364 1483; x_wconf 92' lang='lat' dir='ltr'>a</span> <span class='ocrx_word' id='word_1_66' title='bbox 389 1400 574 1507; x_wconf 72' lang='lat' dir='ltr'>Tamaris,</span> <span class='ocrx_word' id='word_1_67' title='bbox 632 1426 725 1516; x_wconf 84' lang='lat' dir='ltr'>pro.</span> <span class='ocrx_word' id='word_1_68' title='bbox 751 1396 944 1482; x_wconf 75' lang='lat' dir='ltr'>fenestris</span> <span class='ocrx_word' id='word_1_69' title='bbox 986 1397 1226 1484; x_wconf 82' lang='lat' dir='ltr'>adhibetur.</span> <span class='ocrx_word' id='word_1_70' title='bbox 1296 1403 1346 1483; x_wconf 91' lang='lat' dir='ltr'>In</span> <span class='ocrx_word' id='word_1_71' title='bbox 1386 1396 1493 1482; x_wconf 88' lang='lat' dir='ltr'>mari</span> <span class='ocrx_word' id='word_1_72' title='bbox 1517 1402 1661 1516; x_wconf 84' lang='lat' dir='ltr'>caspio</span> <span class='ocrx_word' id='word_1_73' title='bbox 1688 1426 1846 1492; x_wconf 81' lang='lat' dir='ltr'>aestate</span> 
     </span>
     <span class='ocr_line' id='line_1_9' title="bbox 199 1547 1844 1667; baseline 0.003 -34"><span class='ocrx_word' id='word_1_74' title='bbox 199 1551 410 1661; x_wconf 83' lang='lat' dir='ltr'>praesertim</span> <span class='ocrx_word' id='word_1_75' title='bbox 447 1551 670 1667; x_wconf 86' lang='lat' dir='ltr'>capiuntur</span> <span class='ocrx_word' id='word_1_76' title='bbox 708 1547 885 1650; x_wconf 85' lang='lat' dir='ltr'>retibus,</span> <span class='ocrx_word' id='word_1_77' title='bbox 939 1552 1108 1661; x_wconf 90' lang='lat' dir='ltr'>quando</span> <span class='ocrx_word' id='word_1_78' title='bbox 1147 1551 1200 1632; x_wconf 84' lang='lat' dir='ltr'>ad</span> <span class='ocrx_word' id='word_1_79' title='bbox 1241 1549 1395 1632; x_wconf 84' lang='lat' dir='ltr'>vadosa</span> <span class='ocrx_word' id='word_1_80' title='bbox 1433 1547 1577 1635; x_wconf 87' lang='lat' dir='ltr'><strong>littora</strong></span> <span class='ocrx_word' id='word_1_81' title='bbox 1615 1577 1844 1663; x_wconf 78' lang='lat' dir='ltr'>versantur,</span> 
     </span>
     <span class='ocr_line' id='line_1_10' title="bbox 199 1673 1849 1817; baseline 0.007 -38"><span class='ocrx_word' id='word_1_82' title='bbox 199 1718 273 1785; x_wconf 86' lang='lat' dir='ltr'>tunc</span> <span class='ocrx_word' id='word_1_83' title='bbox 295 1700 571 1816; x_wconf 80' lang='lat' dir='ltr'>pinguissimi,</span> <span class='ocrx_word' id='word_1_84' title='bbox 600 1699 775 1787; x_wconf 81' lang='lat' dir='ltr'>Rossice</span> <span class='ocrx_word' id='word_1_85' title='bbox 800 1702 972 1782; x_wconf 66' lang='lat' dir='ltr'>ffltorkoi</span> <span class='ocrx_word' id='word_1_86' title='bbox 998 1701 1096 1783; x_wconf 85' lang='lat' dir='ltr'>Sem</span> <span class='ocrx_word' id='word_1_87' title='bbox 1122 1697 1302 1809; x_wconf 85' lang='lat' dir='ltr'>(Silurus</span> <span class='ocrx_word' id='word_1_88' title='bbox 1330 1698 1512 1812; x_wconf 86' lang='lat' dir='ltr'>calidus)</span> <span class='ocrx_word' id='word_1_89' title='bbox 1540 1673 1849 1817; x_wconf 62' lang='lat' dir='ltr'>cognominatis</span> 
     </span>
     <span class='ocr_line' id='line_1_11' title="bbox 199 1847 1476 1967; baseline 0 -32"><span class='ocrx_word' id='word_1_90' title='bbox 199 1850 421 1941; x_wconf 86' lang='lat' dir='ltr'>lnSibiriae</span> <span class='ocrx_word' id='word_1_91' title='bbox 451 1854 569 1967; x_wconf 88' lang='lat' dir='ltr'>aquis</span> <span class='ocrx_word' id='word_1_92' title='bbox 596 1852 789 1940; x_wconf 88' lang='lat' dir='ltr'>omnibus</span> <span class='ocrx_word' id='word_1_93' title='bbox 816 1847 962 1933; x_wconf 84' lang='lat' dir='ltr'>Glaeis</span> <span class='ocrx_word' id='word_1_94' title='bbox 991 1850 1131 1957; x_wconf 83' lang='lat' dir='ltr'>deest,</span> <span class='ocrx_word' id='word_1_95' title='bbox 1158 1871 1208 1953; x_wconf 83' lang='lat' dir='ltr'>ut</span> <span class='ocrx_word' id='word_1_96' title='bbox 1232 1847 1280 1933; x_wconf 91' lang='lat' dir='ltr'>in</span> <span class='ocrx_word' id='word_1_97' title='bbox 1293 1849 1476 1963; x_wconf 47' lang='lat' dir='ltr'>‚Anglia</span> 
     </span>
    </p>
   </div>
   <div class='ocr_carea' id='block_1_2' title="bbox 429 2209 1469 2396">
    <p class='ocr_par' dir='ltr' id='par_1_2' title="bbox 429 2209 1469 2396">
     <span class='ocr_line' id='line_1_12' title="bbox 429 2209 1469 2396; baseline -0.004 -4"><span class='ocrx_word' id='word_1_98' title='bbox 429 2209 617 2392; x_wconf 44' lang='lat' dir='ltr'>&#39;ru</span> <span class='ocrx_word' id='word_1_99' title='bbox 671 2283 1469 2396; x_wconf 65' lang='lat' dir='ltr'>nemausenses</span> 
     </span>
    </p>
   </div>
   <div class='ocr_carea' id='block_1_3' title="bbox 848 2570 1163 2594">
    <p class='ocr_par' dir='ltr' id='par_1_3' title="bbox 848 2570 1163 2594">
     <span class='ocr_line' id='line_1_13' title="bbox 848 2570 1163 2594; baseline 0 -4"><span class='ocrx_word' id='word_1_100' title='bbox 848 2570 1163 2594; x_wconf 53' lang='grc' dir='ltr'><strong><em>Μ</em></strong></span> 
     </span>
    </p>
   </div>
   <div class='ocr_carea' id='block_1_4' title="bbox 299 2758 1835 2878">
    <p class='ocr_par' dir='ltr' id='par_1_4' title="bbox 299 2758 1835 2878">
     <span class='ocr_line' id='line_1_14' title="bbox 299 2758 1835 2878; baseline 0.003 -30"><span class='ocrx_word' id='word_1_101' title='bbox 299 2760 648 2877; x_wconf 73' lang='lat' dir='ltr'>Acipensennum</span> <span class='ocrx_word' id='word_1_102' title='bbox 687 2792 816 2875; x_wconf 85' lang='lat' dir='ltr'>genus</span> <span class='ocrx_word' id='word_1_103' title='bbox 863 2761 1021 2855; x_wconf 86' lang='lat' dir='ltr'>ossium</span> <span class='ocrx_word' id='word_1_104' title='bbox 1065 2758 1337 2875; x_wconf 84' lang='lat' dir='ltr'>cartilaginea</span> <span class='ocrx_word' id='word_1_105' title='bbox 1378 2790 1579 2878; x_wconf 83' lang='lat' dir='ltr'>compage</span> <span class='ocrx_word' id='word_1_106' title='bbox 1615 2786 1670 2852; x_wconf 83' lang='lat' dir='ltr'>et</span> <span class='ocrx_word' id='word_1_107' title='bbox 1706 2797 1835 2858; x_wconf 85' lang='lat' dir='ltr'>nervo</span> 
     </span>
    </p>
   </div>
   <div class='ocr_carea' id='block_1_5' title="bbox 179 2898 1854 4679">
    <p class='ocr_par' dir='ltr' id='par_1_5' title="bbox 179 2898 1854 4679">
     <span class='ocr_line' id='line_1_15' title="bbox 193 2898 1854 3027; baseline 0.01 -36"><span class='ocrx_word' id='word_1_108' title='bbox 193 2898 332 3017; x_wconf 71' lang='lat' dir='ltr'>spitui,</span> <span class='ocrx_word' id='word_1_109' title='bbox 374 2935 422 2996; x_wconf 87' lang='lat' dir='ltr'>ut</span> <span class='ocrx_word' id='word_1_110' title='bbox 444 2937 491 2996; x_wconf 85' lang='lat' dir='ltr'>et</span> <span class='ocrx_word' id='word_1_111' title='bbox 520 2935 722 2997; x_wconf 89' lang='lat' dir='ltr'>structura</span> <span class='ocrx_word' id='word_1_112' title='bbox 762 2915 875 2998; x_wconf 88' lang='lat' dir='ltr'>inter</span> <span class='ocrx_word' id='word_1_113' title='bbox 901 2912 1037 3027; x_wconf 83' lang='lat' dir='ltr'>pisces</span> <span class='ocrx_word' id='word_1_114' title='bbox 1072 2910 1345 3026; x_wconf 88' lang='lat' dir='ltr'>spiraculatos</span> <span class='ocrx_word' id='word_1_115' title='bbox 1373 2938 1415 2998; x_wconf 89' lang='lat' dir='ltr'>et</span> <span class='ocrx_word' id='word_1_116' title='bbox 1441 2914 1602 3002; x_wconf 81' lang='lat' dir='ltr'>Silures</span> <span class='ocrx_word' id='word_1_117' title='bbox 1631 2919 1854 3025; x_wconf 81' lang='lat' dir='ltr'>medium,</span> 
     </span>
     <span class='ocr_line' id='line_1_16' title="bbox 192 3059 1834 3176; baseline 0.007 -33"><span class='ocrx_word' id='word_1_118' title='bbox 192 3059 452 3170; x_wconf 73' lang='lat' dir='ltr'>respirationis</span> <span class='ocrx_word' id='word_1_119' title='bbox 480 3062 670 3176; x_wconf 83' lang='lat' dir='ltr'>organis,</span> <span class='ocrx_word' id='word_1_120' title='bbox 729 3063 956 3150; x_wconf 76' lang='lat' dir='ltr'>visceribus</span> <span class='ocrx_word' id='word_1_121' title='bbox 995 3084 1041 3145; x_wconf 90' lang='lat' dir='ltr'>et</span> <span class='ocrx_word' id='word_1_122' title='bbox 1069 3061 1338 3175; x_wconf 82' lang='lat' dir='ltr'>generatione</span> <span class='ocrx_word' id='word_1_123' title='bbox 1369 3064 1691 3151; x_wconf 75' lang='lat' dir='ltr'>Branchialiltus</span> <span class='ocrx_word' id='word_1_124' title='bbox 1712 3068 1834 3154; x_wconf 88' lang='lat' dir='ltr'>simi·</span> 
     </span>
     <span class='ocr_line' id='line_1_17' title="bbox 189 3191 1832 3326; baseline 0.009 -38"><span class='ocrx_word' id='word_1_125' title='bbox 189 3191 266 3311; x_wconf 82' lang='lat' dir='ltr'>lius,</span> <span class='ocrx_word' id='word_1_126' title='bbox 302 3211 346 3297; x_wconf 91' lang='lat' dir='ltr'>in</span> <span class='ocrx_word' id='word_1_127' title='bbox 373 3215 488 3296; x_wconf 88' lang='lat' dir='ltr'>nulla</span> <span class='ocrx_word' id='word_1_128' title='bbox 514 3212 627 3299; x_wconf 90' lang='lat' dir='ltr'>orbis</span> <span class='ocrx_word' id='word_1_129' title='bbox 653 3236 771 3326; x_wconf 88' lang='lat' dir='ltr'>parte</span> <span class='ocrx_word' id='word_1_130' title='bbox 797 3213 1115 3298; x_wconf 85' lang='lat' dir='ltr'>individuorum</span> <span class='ocrx_word' id='word_1_131' title='bbox 1143 3232 1187 3293; x_wconf 89' lang='lat' dir='ltr'>et</span> <span class='ocrx_word' id='word_1_132' title='bbox 1213 3211 1448 3326; x_wconf 86' lang='lat' dir='ltr'>specierum</span> <span class='ocrx_word' id='word_1_133' title='bbox 1474 3244 1670 3314; x_wconf 82' lang='lat' dir='ltr'>numero,</span> <span class='ocrx_word' id='word_1_134' title='bbox 1713 3238 1832 3311; x_wconf 87' lang='lat' dir='ltr'>tanto</span> 
     </span>
     <span class='ocr_line' id='line_1_18' title="bbox 188 3360 1845 3479; baseline 0.004 -34"><span class='ocrx_word' id='word_1_135' title='bbox 188 3372 289 3466; x_wconf 63' lang='lat' dir='ltr'>atque</span> <span class='ocrx_word' id='word_1_136' title='bbox 314 3365 519 3466; x_wconf 85' lang='lat' dir='ltr'>abundat,</span> <span class='ocrx_word' id='word_1_137' title='bbox 549 3362 673 3446; x_wconf 86' lang='lat' dir='ltr'>acin</span> <span class='ocrx_word' id='word_1_138' title='bbox 700 3369 833 3447; x_wconf 89' lang='lat' dir='ltr'>Ponto</span> <span class='ocrx_word' id='word_1_139' title='bbox 862 3363 1049 3465; x_wconf 82' lang='lat' dir='ltr'>Euxino,</span> <span class='ocrx_word' id='word_1_140' title='bbox 1087 3385 1133 3445; x_wconf 86' lang='lat' dir='ltr'>et</span> <span class='ocrx_word' id='word_1_141' title='bbox 1160 3360 1405 3476; x_wconf 87' lang='lat' dir='ltr'>praesertim</span> <span class='ocrx_word' id='word_1_142' title='bbox 1432 3362 1479 3447; x_wconf 90' lang='lat' dir='ltr'>in</span> <span class='ocrx_word' id='word_1_143' title='bbox 1504 3365 1649 3479; x_wconf 90' lang='lat' dir='ltr'>caspio</span> <span class='ocrx_word' id='word_1_144' title='bbox 1680 3389 1736 3450; x_wconf 66' lang='lat' dir='ltr'>et&#39;</span> <span class='ocrx_word' id='word_1_145' title='bbox 1752 3375 1845 3451; x_wconf 86' lang='lat' dir='ltr'>Ta·.</span> 
     </span>
     <span class='ocr_line' id='line_1_19' title="bbox 186 3502 1830 3632; baseline 0.01 -44"><span class='ocrx_word' id='word_1_146' title='bbox 186 3502 286 3595; x_wconf 73' lang='lat' dir='ltr'>uriae</span> <span class='ocrx_word' id='word_1_147' title='bbox 311 3541 485 3625; x_wconf 90' lang='lat' dir='ltr'>magnae</span> <span class='ocrx_word' id='word_1_148' title='bbox 503 3514 684 3596; x_wconf 80' lang='lat' dir='ltr'>lacubus</span> <span class='ocrx_word' id='word_1_149' title='bbox 725 3511 920 3596; x_wconf 81' lang='lat' dir='ltr'>maximis</span> <span class='ocrx_word' id='word_1_150' title='bbox 960 3511 1276 3595; x_wconf 87' lang='lat' dir='ltr'>mediterraneis</span> <span class='ocrx_word' id='word_1_151' title='bbox 1317 3517 1528 3623; x_wconf 89' lang='lat' dir='ltr'>quondam</span> <span class='ocrx_word' id='word_1_152' title='bbox 1564 3545 1660 3602; x_wconf 84' lang='lat' dir='ltr'>cum</span> <span class='ocrx_word' id='word_1_153' title='bbox 1687 3518 1830 3632; x_wconf 84' lang='lat' dir='ltr'>caspio</span> 
     </span>
     <span class='ocr_line' id='line_1_20' title="bbox 185 3659 1829 3783; baseline 0.008 -40"><span class='ocrx_word' id='word_1_154' title='bbox 185 3665 217 3726; x_wconf 83' lang='lat' dir='ltr'>et</span> <span class='ocrx_word' id='word_1_155' title='bbox 238 3660 433 3746; x_wconf 85' lang='lat' dir='ltr'>maeotico</span> <span class='ocrx_word' id='word_1_156' title='bbox 460 3660 882 3764; x_wconf 82' lang='lat' dir='ltr'>communicantibus,</span> <span class='ocrx_word' id='word_1_157' title='bbox 938 3659 1182 3776; x_wconf 88' lang='lat' dir='ltr'>praesertim</span> <span class='ocrx_word' id='word_1_158' title='bbox 1225 3662 1461 3766; x_wconf 88' lang='lat' dir='ltr'>Aratiensi,</span> <span class='ocrx_word' id='word_1_159' title='bbox 1518 3666 1739 3783; x_wconf 82' lang='lat' dir='ltr'>fluviisque</span> <span class='ocrx_word' id='word_1_160' title='bbox 1777 3699 1829 3756; x_wconf 90' lang='lat' dir='ltr'>eo</span> 
     </span>
     <span class='ocr_line' id='line_1_21' title="bbox 184 3791 1828 3927; baseline 0.008 -38"><span class='ocrx_word' id='word_1_161' title='bbox 184 3791 444 3896; x_wconf 71' lang='lat' dir='ltr'>defluentibus.</span> <span class='ocrx_word' id='word_1_162' title='bbox 513 3815 730 3922; x_wconf 85' lang='lat' dir='ltr'>Quaedam</span> <span class='ocrx_word' id='word_1_163' title='bbox 765 3811 925 3927; x_wconf 89' lang='lat' dir='ltr'>species</span> <span class='ocrx_word' id='word_1_164' title='bbox 954 3813 1083 3896; x_wconf 90' lang='lat' dir='ltr'>etiam</span> <span class='ocrx_word' id='word_1_165' title='bbox 1110 3812 1155 3895; x_wconf 90' lang='lat' dir='ltr'>in</span> <span class='ocrx_word' id='word_1_166' title='bbox 1184 3811 1425 3897; x_wconf 87' lang='lat' dir='ltr'>fluminibus</span> <span class='ocrx_word' id='word_1_167' title='bbox 1453 3815 1626 3900; x_wconf 87' lang='lat' dir='ltr'>Arctico</span> <span class='ocrx_word' id='word_1_168' title='bbox 1655 3819 1828 3902; x_wconf 84' lang='lat' dir='ltr'>Oceano</span> 
     </span>
     <span class='ocr_line' id='line_1_22' title="bbox 182 3961 1828 4077; baseline 0.005 -35"><span class='ocrx_word' id='word_1_169' title='bbox 182 3967 278 4060; x_wconf 68' lang='lat' dir='ltr'>a‘tuas</span> <span class='ocrx_word' id='word_1_170' title='bbox 302 3963 533 4048; x_wconf 87' lang='lat' dir='ltr'>ferentibus</span> <span class='ocrx_word' id='word_1_171' title='bbox 561 3962 660 4047; x_wconf 88' lang='lat' dir='ltr'>satis</span> <span class='ocrx_word' id='word_1_172' title='bbox 687 3983 789 4047; x_wconf 87' lang='lat' dir='ltr'>sunt</span> <span class='ocrx_word' id='word_1_173' title='bbox 817 3964 1078 4077; x_wconf 56' lang='lat' dir='ltr'>frequentem</span> <span class='ocrx_word' id='word_1_174' title='bbox 1119 3961 1165 4044; x_wconf 88' lang='lat' dir='ltr'>in</span> <span class='ocrx_word' id='word_1_175' title='bbox 1195 3961 1411 4076; x_wconf 80' lang='lat' dir='ltr'>europaeis</span> <span class='ocrx_word' id='word_1_176' title='bbox 1440 3986 1604 4067; x_wconf 84' lang='lat' dir='ltr'>contra,</span> <span class='ocrx_word' id='word_1_177' title='bbox 1647 3965 1828 4076; x_wconf 88' lang='lat' dir='ltr'>quaein</span> 
     </span>
     <span class='ocr_line' id='line_1_23' title="bbox 181 4110 1827 4228; baseline 0.004 -34"><span class='ocrx_word' id='word_1_178' title='bbox 181 4111 528 4199; x_wconf 67' lang='lat' dir='ltr'>¹1urebalthicum</span> <span class='ocrx_word' id='word_1_179' title='bbox 553 4136 599 4198; x_wconf 89' lang='lat' dir='ltr'>et</span> <span class='ocrx_word' id='word_1_180' title='bbox 623 4112 922 4228; x_wconf 84' lang='lat' dir='ltr'>germanicum,</span> <span class='ocrx_word' id='word_1_181' title='bbox 950 4111 1079 4226; x_wconf 89' lang='lat' dir='ltr'>inque</span> <span class='ocrx_word' id='word_1_182' title='bbox 1108 4110 1469 4196; x_wconf 86' lang='lat' dir='ltr'>mediterraneum.</span> <span class='ocrx_word' id='word_1_183' title='bbox 1490 4137 1534 4198; x_wconf 86' lang='lat' dir='ltr'>et</span> <span class='ocrx_word' id='word_1_184' title='bbox 1561 4113 1827 4201; x_wconf 88' lang='lat' dir='ltr'>Atlanticum</span> 
     </span>
     <span class='ocr_line' id='line_1_24' title="bbox 181 4241 1853 4387; baseline 0.007 -50"><span class='ocrx_word' id='word_1_185' title='bbox 181 4241 396 4349; x_wconf 81' lang='lat' dir='ltr'>deteruntur</span> <span class='ocrx_word' id='word_1_186' title='bbox 435 4263 714 4378; x_wconf 87' lang='lat' dir='ltr'>Acipenseres</span> <span class='ocrx_word' id='word_1_187' title='bbox 756 4263 882 4377; x_wconf 89' lang='lat' dir='ltr'>pauci</span> <span class='ocrx_word' id='word_1_188' title='bbox 923 4293 1001 4346; x_wconf 89' lang='lat' dir='ltr'>nec</span> <span class='ocrx_word' id='word_1_189' title='bbox 1042 4260 1231 4346; x_wconf 88' lang='lat' dir='ltr'>omnium</span> <span class='ocrx_word' id='word_1_190' title='bbox 1274 4262 1508 4375; x_wconf 88' lang='lat' dir='ltr'>specierum</span> <span class='ocrx_word' id='word_1_191' title='bbox 1536 4286 1581 4349; x_wconf 90' lang='lat' dir='ltr'>et</span> <span class='ocrx_word' id='word_1_192' title='bbox 1607 4265 1712 4348; x_wconf 90' lang='lat' dir='ltr'>adeo</span> <span class='ocrx_word' id='word_1_193' title='bbox 1741 4263 1853 4387; x_wconf 77' lang='lat' dir='ltr'>rari¹</span> 
     </span>
     <span class='ocr_line' id='line_1_25' title="bbox 179 4409 1825 4529; baseline 0.003 -36"><span class='ocrx_word' id='word_1_194' title='bbox 179 4415 391 4517; x_wconf 72' lang='lat' dir='ltr'>0trununt,</span> <span class='ocrx_word' id='word_1_195' title='bbox 448 4437 498 4497; x_wconf 86' lang='lat' dir='ltr'>ut</span> <span class='ocrx_word' id='word_1_196' title='bbox 535 4413 653 4528; x_wconf 88' lang='lat' dir='ltr'>quasi</span> <span class='ocrx_word' id='word_1_197' title='bbox 691 4411 901 4529; x_wconf 88' lang='lat' dir='ltr'>sporadici</span> <span class='ocrx_word' id='word_1_198' title='bbox 930 4436 973 4497; x_wconf 91' lang='lat' dir='ltr'>et</span> <span class='ocrx_word' id='word_1_199' title='bbox 1003 4409 1321 4496; x_wconf 86' lang='lat' dir='ltr'>verosimillime</span> <span class='ocrx_word' id='word_1_200' title='bbox 1352 4441 1375 4495; x_wconf 94' lang='lat' dir='ltr'>e</span> <span class='ocrx_word' id='word_1_201' title='bbox 1403 4421 1537 4498; x_wconf 90' lang='lat' dir='ltr'>Ponto</span> <span class='ocrx_word' id='word_1_202' title='bbox 1566 4411 1736 4526; x_wconf 84' lang='lat' dir='ltr'>fugitivi</span> <span class='ocrx_word' id='word_1_203' title='bbox 1764 4413 1825 4498; x_wconf 80' lang='lat' dir='ltr'>vi·</span> 
     </span>
     <span class='ocr_line' id='line_1_26' title="bbox 180 4537 1822 4679; baseline 0.005 -41"><span class='ocrx_word' id='word_1_204' title='bbox 180 4537 341 4649; x_wconf 74' lang='lat' dir='ltr'>deantur,</span> <span class='ocrx_word' id='word_1_205' title='bbox 408 4562 723 4679; x_wconf 79' lang='lat' dir='ltr'>Descriptiones</span> <span class='ocrx_word' id='word_1_206' title='bbox 751 4561 1056 4678; x_wconf 87' lang='lat' dir='ltr'>Acipenserum</span> <span class='ocrx_word' id='word_1_207' title='bbox 1084 4565 1170 4646; x_wconf 84' lang='lat' dir='ltr'>fere</span> <span class='ocrx_word' id='word_1_208' title='bbox 1198 4560 1386 4646; x_wconf 91' lang='lat' dir='ltr'>omnium</span> <span class='ocrx_word' id='word_1_209' title='bbox 1416 4564 1522 4646; x_wconf 87' lang='lat' dir='ltr'>adeo</span> <span class='ocrx_word' id='word_1_210' title='bbox 1550 4559 1822 4677; x_wconf 87' lang='lat' dir='ltr'>imperfectae</span> 
     </span>
    </p>
   </div>
   <div class='ocr_carea' id='block_1_6' title="bbox 177 4681 1821 4918">
    <p class='ocr_par' dir='ltr' id='par_1_6' title="bbox 177 4681 1821 4918">
     <span class='ocr_line' id='line_1_27' title="bbox 177 4681 1821 4830; baseline 0.002 -32"><span class='ocrx_word' id='word_1_211' title='bbox 177 4681 350 4799; x_wconf 67' lang='lat' dir='ltr'>lucanus</span> <span class='ocrx_word' id='word_1_212' title='bbox 376 4736 586 4830; x_wconf 88' lang='lat' dir='ltr'>prostant,</span> <span class='ocrx_word' id='word_1_213' title='bbox 627 4720 798 4799; x_wconf 83' lang='lat' dir='ltr'>utere</span> <span class='ocrx_word' id='word_1_214' title='bbox 825 4715 915 4799; x_wconf 85' lang='lat' dir='ltr'>fore</span> <span class='ocrx_word' id='word_1_215' title='bbox 943 4736 1111 4828; x_wconf 87' lang='lat' dir='ltr'>putem,</span> <span class='ocrx_word' id='word_1_216' title='bbox 1149 4712 1405 4800; x_wconf 88' lang='lat' dir='ltr'>accuratiore</span> <span class='ocrx_word' id='word_1_217' title='bbox 1433 4711 1531 4825; x_wconf 89' lang='lat' dir='ltr'>illos</span> <span class='ocrx_word' id='word_1_218' title='bbox 1559 4710 1632 4800; x_wconf 86' lang='lat' dir='ltr'>hic</span> <span class='ocrx_word' id='word_1_219' title='bbox 1660 4712 1821 4801; x_wconf 84' lang='lat' dir='ltr'>calamo</span> 
     </span>
     <span class='ocr_line' id='line_1_28' title="bbox 1349 4871 1372 4918; baseline 0 0"><span class='ocrx_word' id='word_1_220' title='bbox 1349 4871 1372 4918; x_wconf 53' lang='lat' dir='ltr'><strong>ff</strong></span> 
     </span>
    </p>
   </div>
   <div class='ocr_carea' id='block_1_7' title="bbox 0 0 2206 5902">
    <p class='ocr_par' dir='ltr' id='par_1_7' title="bbox 0 0 2206 5902">
     <span class='ocr_line' id='line_1_29' title="bbox 0 0 2206 5902; baseline 0 0"><span class='ocrx_word' id='word_1_221' title='bbox 0 0 2206 5902; x_wconf 95' lang='lat' dir='ltr'> </span> 
     </span>
    </p>
   </div>
  </div>
 </body>
</html>
