4404 5902
414 414 472 499 3²
1187 404 1336 458 ΕΞ

415 616 501 705 duo
542 613 816 705 rhombridea
860 637 1002 696 versus
1042 632 1221 698 rostrum
1264 628 1310 692 et
1348 604 1520 724 occiput
1561 612 1829 729 respondent.
1899 611 2033 704 Nares
2053 615 2110 703 in

414 770 536 887 apice
566 768 690 855 rostri
719 763 874 853 conici.
946 763 1070 852 Oculi
1096 764 1293 851 laterales
1325 762 1540 878 palpebris
1579 766 1717 854 nudis.
1787 770 1965 854 Aurium
1991 799 2111 885 aper·

414 947 507 1009 tura
535 925 587 1006 ad
615 921 756 1037 ipsum
784 923 956 1007 collum.
1028 922 1193 1006 Collars
1218 946 1244 1000 e
1272 913 1455 1031 squamis
1481 916 1612 1023 laxis,
1668 918 1853 1035 parvulis
1886 933 1949 1007 13.
2005 923 2110 1008 Cor·

413 1106 492 1192 pus
519 1075 663 1159 subtus
694 1105 717 1157 a
746 1072 896 1158 collari
924 1075 978 1158 ad
1005 1069 1183 1185 inguina
1207 1065 1431 1154 loricatum
1459 1070 1642 1182 squamis
1670 1072 1988 1187 subquadratis‚
2014 1103 2111 1188 par·

398 1218 537 1331 “vulin
564 1223 783 1312 ordinibus
813 1241 879 1313 32.
910 1255 1087 1340 quorum
1115 1221 1352 1338 pectorales
1377 1219 1552 1338 oblique
1582 1247 1815 1310 antrorsum
1844 1224 2109 1311 declinantes

413 1376 461 1467 in
490 1379 635 1464 medio
661 1401 817 1462 sterno.
887 1379 1046 1463 Puncta
1086 1383 1245 1461 calloso
1286 1374 1583 1461 subfemoralia
1620 1375 1667 1461 in
1711 1376 1859 1492 quovis
1887 1376 2037 1462 ordine
2068 1413 2109 1486 9.

415 1528 686 1641 obsoletiore.
756 1530 906 1619 Coudo
933 1560 957 1613 e
985 1527 1255 1614 crassiuscula
1281 1524 1374 1611 basi
1401 1526 1543 1612 subito
1587 1531 1832 1634 adtenuata,
1890 1530 2110 1616 annulise

416 1686 599 1800 squamis
627 1680 826 1797 integris,
855 1680 1024 1766 striatis-
1038 1678 1309 1766 verticillata.
1365 1683 1544 1767 Artuum
1570 1681 1812 1796 proportio,
1841 1705 1889 1767 ut
1914 1681 1961 1767 in
1988 1713 2111 1800 prae·

415 1834 685 1940 cedentibus,
729 1841 942 1948 unguiculi
970 1832 1111 1948 longi,
1159 1830 1413 1934 acutissimi,
1457 1831 1624 1933 falcati,
1657 1834 1927 1921 latescentes.
1984 1840 2112 1925 Color

413 1987 563 2107 capitis
591 2019 717 2104 supro
743 1985 925 2083 lividus,
966 1985 1282 2089 immaculatus,
1323 1982 1510 2101 corporis
1539 1986 1754 2100 eleganter
1780 1989 2138 2077 coerulescente·'

412 2144 630 2245 cinereus,
673 2171 697 2223 a
734 2139 847 2227 collo
887 2139 941 2224 ad
978 2140 1162 2224 caudam
1204 2145 1379 2223 maculis
1423 2135 1619 2252 oblongis
1659 2138 1911 2227 ocellaribus
1933 2140 2109 2249 albidis,

413 2293 535 2408 nigro
574 2290 727 2378 cinctis
766 2321 844 2407 per
879 2319 956 2377 sex
989 2288 1169 2378 ordines
1209 2287 1257 2373 in
1296 2287 1608 2402 longitudinem
1653 2290 1888 2408 dispositis,
1930 2325 2112 2411 quorum

413 2469 592 2562 quotuor
619 2473 698 2560 per
721 2443 968 2529 crassiorem
993 2463 1158 2560 partem
1185 2444 1343 2526 caudae
1371 2444 1681 2530 continuantur.
1751 2449 1968 2534 Interdum
1997 2447 2113 2534 ocel-

415 2600 553 2685 lorum
581 2594 760 2712 nigredo
786 2595 964 2682 confluit
989 2595 1035 2682 in
1063 2593 1211 2680 fascias
1237 2610 1490 2680 transversas
1518 2622 1722 2700 arcuatas3
1750 2597 1797 2683 in
1826 2597 1928 2684 aliis
1956 2601 2112 2688 albedo

418 2751 648 2865 oblongata
674 2746 720 2832 in
750 2747 897 2863 strigas
926 2748 1134 2834 exsoletos
1163 2745 1325 2832 albidas
1352 2746 1681 2862 longitudinales
1711 2748 2004 2840 subcohaeret.
2060 2760 2113 2842 In

418 2904 535 2990 collo
562 2926 607 2989 et
635 2903 804 2986 anubus
831 2899 964 2987 ocelli
990 2898 1278 2985 obsoletiores.
1350 2901 1502 2987 Subtus
1537 2902 1657 2987 color
1688 2904 1934 2992 flavescenti
1948 2957 1963 2972 ·
1978 2907 2111 3016 albus,

418 3056 494 3140 sed
521 3055 655 3141 latera
682 3052 813 3170 nigris
840 3052 1017 3145 maculis
1043 3050 1272 3169 variegata.
1340 3055 1576 3170 Longitudo
1613 3057 1741 3170 uulgo
1769 3058 1830 3146 δ”.
1861 3056 2014 3175 capitis
2040 3061 2113 3170 9⁶2

416 3209 576 3293 caudae
607 3213 667 3295 δ”.
1004 3180 1011 3188 .

500 3363 745 3466 ssduniores
780 3358 1132 3475 elegantissimae,
1153 3358 1300 3475 strigis
1329 3357 1523 3476 acepite
1551 3364 1605 3448 ad
1630 3365 1788 3449 caudae
1817 3362 1938 3450 basin
1966 3368 2112 3468 modo,

419 3513 632 3601 continuis
660 3513 789 3600 modo
816 3510 1141 3628 subinterruptis
1169 3512 1295 3618 albis,
1354 3512 1425 3597 vel
1458 3512 1612 3600 albidis
1651 3517 1844 3620 fasciata,
1907 3517 2111 3605 lateribus

426 3667 736 3754 coerulescenti
762 3667 966 3755 nebulosa
987 3665 1064 3754 sel
1089 3664 1327 3782 uariegata3
1382 3665 1526 3754 adulta
1566 3690 1704 3754 aetate
1741 3670 1898 3758 sensim
1929 3671 2115 3760 ocellus

417 3815 577 3906 evadit.

501 4005 543 4074 γ.
558 3972 702 4060 Aliam
744 3974 995 4061 Varietatem
1032 3970 1141 4090 legi,
1194 4005 1320 4093 supra
1340 3975 1574 4063 coendeo-
1587 3974 1890 4082 virescentem,
1943 3977 2115 4098 punctis

421 4122 553 4242 nigris
594 4157 672 4246 per
713 4157 789 4214 sex
831 4127 1001 4214 ordines
1041 4126 1089 4213 in
1115 4129 1240 4214 dorso
1268 4127 1443 4244 digestis
1470 4151 1516 4215 et
1541 4129 1587 4216 in
1615 4129 1782 4218 cervice
1809 4131 1944 4219 tribus
1972 4130 2117 4247 strigis

418 4275 688 4368 dilutioribus
727 4281 841 4369 inter
898 4280 1068 4369 ordines
1109 4302 1386 4400 punctorum
1441 4282 1643 4373 luteribus
1681 4284 1909 4403 majoribus
1936 4282 2120 4373 maculis

424 4431 556 4550 nigris
582 4431 748 4557 sparsis.

953 4683 1584 4710 m*
