4404 5902
265 392 355 463 ω
449 356 455 367 ’
1040 392 1186 453 a

265 624 355 681 esse
384 570 564 681 videtur.
621 596 820 708 Adjungo
834 555 993 707 'generi
1019 589 1217 707 Mugilis,
1256 593 1309 678 ab
1338 590 1532 681 omnibus
1564 620 1759 723 recepto,
1796 597 1966 685 Arteri-

264 782 381 852 nam,
424 776 532 861 quae
571 745 691 832 nullo
725 743 967 830 charactere
1006 774 1106 832 vere
1139 743 1338 859 generico
1374 778 1397 830 a
1430 748 1595 863 Mugile
1634 747 1836 835 distincta
1865 751 1968 837 sisti

263 921 417 1016 potest,
448 899 663 1013 multaque
692 929 788 985 curn
816 898 898 982 isto
927 895 1058 983 habet
1085 894 1339 983 communia.
1385 897 1431 983 Si
1458 901 1575 985 enim
1602 900 1731 987 fascis
1756 927 1966 1017 argentee

264 1053 445 1138 laterum
473 1081 551 1166 pro
578 1049 850 1136 distinctione
877 1048 1043 1164 generis
1072 1049 1268 1154 sufficiat,
1311 1051 1461 1164 quidni
1489 1053 1668 1157 Belone,
1699 1062 1860 1169 majore
1890 1059 1965 1141 nd-

263 1202 370 1308 huc,
412 1204 468 1287 ob
496 1186 791 1317 scolopaceum
825 1225 1005 1287 rostrum
1041 1196 1285 1287 difseientia
1320 1200 1518 1317 insignis,
1563 1209 1616 1291 ab
1645 1206 1851 1293 Esoeibus
1878 1208 1969 1295 erit

266 1354 560 1472 segreganda?
615 1353 797 1440 Videtur
836 1384 936 1440 oum
974 1352 1196 1438 Atherinis
1237 1353 1368 1438 etiam
1409 1356 1594 1447 militare
1633 1361 1969 1471 Gonorhynchus

261 1507 480 1594 Gronovii.
538 1511 677 1593 Immo
703 1506 825 1621 plura
854 1506 1136 1591 recentiorum
1165 1509 1220 1591 ob
1248 1505 1430 1592 leviores
1458 1508 1721 1595 differentias
1753 1509 1969 1599 distincta

261 1690 373 1748 nova
400 1690 553 1774 genere
582 1689 807 1775 paucarum
833 1656 1082 1774 specierum,
1112 1689 1208 1741 curn
1238 1658 1421 1774 antiquis
1450 1661 1598 1747 solidis
1626 1684 1670 1747 et
1697 1663 1969 1751 naturalibus

262 1812 506 1926 generibus,
536 1834 582 1897 ut
608 1810 906 1926 exceptiones,
952 1812 1005 1894 ad
1037 1809 1239 1895 trutinam
1270 1811 1395 1927 aequi
1420 1812 1593 1927 judicii,
1633 1813 1968 1929 colliquesoent.

336 2081 449 2172 160.
506 2080 775 2173 ItIUGIL
826 2082 1122 2200 Cephalus.
1172 2082 1302 2171 TAB.
1340 2082 1547 2173 XLVIII.
1577 2078 1660 2199 fig.
1702 2109 1748 2174 1.
1789 2112 1891 2180 ra.

372 2274 459 2355 M.
488 2267 673 2382 squamis
702 2267 859 2351 lineola
887 2264 1076 2368 dorsetis,
1107 2258 1236 2381 pinna
1265 2268 1417 2352 dorsali
1447 2268 1587 2384 priore
1617 2265 1967 2386 quadrispiuoso.

480 2439 675 2526 Κεφαλος,
706 2423 920 2504 Aristotel.
950 2423 1043 2504 Irist.
1072 2429 1196 2504 onim.
1226 2419 1296 2507 ub.
1326 2423 1377 2505 V.
1406 2452 1500 2536 cop.
1533 2456 1595 2507 rr.
1661 2450 1664 2455 ·

482 2582 731 2680 Kecupesch,
760 2573 941 2688 Oppion.
971 2576 1136 2657 Italient.
1166 2572 1238 2656 lib.
1267 2573 1343 2656 III.
1374 2586 1440 2677 98.

479 2724 643 2840 Mugil,
672 2725 795 2810 Ovtd.
826 2728 993 2817 IzaIt‘ent.
1020 2757 1061 2808 υ.
1085 2708 1156 2834 87.
1185 2725 1291 2808 Ptin.
1321 2729 1414 2809 hist.
1436 2726 1513 2810 tib.
1543 2760 1582 2831 9.
1612 2756 1704 2840 cap.
1734 2738 1775 2812 8.
1818 2764 1884 2839 ¹7·

479 2876 908 2989 Multet,·thtugtb.
937 2880 1062 2960 icIrtIr.
1090 2909 1129 2987 p.
1148 2894 1240 2984 274.
1271 2879 1363 2993 Raj.
1390 2886 1492 2992 pise.
1520 2910 1549 2987 p
1578 2890 1644 2980 84.
1672 2879 1801 2964 Pentr.
1834 2882 1960 2971 Zoot.

532 3032 637 3113 urst.
666 3033 766 3137 (420)
797 3031 873 3112 ΠΙ.
900 3061 944 3142 p.
975 3040 1067 3113 asa.
1098 3060 1137 3111 n,
1174 3040 1262 3115 tss.
1291 3020 1377 3114 rab.
1408 3030 1477 3115 ss.

479 3179 616 3293 Mugil
646 3177 882 3294 Cephalus,
911 3183 1001 3262 Lin.
1031 3201 1134 3290 syst.
1163 3182 1260 3264 XII.
1290 3184 1323 3265 I.
1353 3213 1393 3294 p.
1424 3196 1517 3268 520.
1544 3212 1606 3287 sp.
1643 3217 1677 3265 ι.

366 3332 624 3449 Neograecis
651 3333 833 3447 Kepttz,
864 3330 1135 3445 quodetiam
1165 3332 1286 3416 Rossi
1315 3334 1564 3448 adoptarunt
1592 3364 1766 3436 nomen,
1797 3344 1963 3429 Tauro·

418 3485 581 3571 Tateri.
646 3540 653 3553 ·

394 3637 525 3724 Piscis
553 3635 784 3751 gregarius,
825 3634 1050 3749 quotannis
1079 3636 1370 3753 migratorius,
1418 3635 1465 3722 in
1494 3643 1627 3723 Ponto
1656 3638 1836 3728 Euxino
1864 3673 1961 3731 out·

254 3794 376 3879 nium
403 3787 736 3903 copiosissimus,
779 3818 857 3904 per
883 3775 1148 3903 Bosphorum
1183 3789 1419 3875 thracicum
1459 3788 1688 3874 adveniens
1719 3790 1962 3912 littoraque

257 3946 401 4060 legens
442 3937 572 4026 totius
599 3941 724 4024 Ponti
764 3963 808 4024 et
838 3939 1147 4026 Chersonesum
1183 3949 1409 4045 tauricum,
1452 3939 1526 4025 ubi
1566 3942 1825 4056 praesertim
1863 3972 1963 4065 post

258 4094 498 4210 hybernum
525 4090 754 4179 solstitium
783 4092 968 4177 abundat
1006 4115 1050 4177 et
1085 4092 1248 4208 capitur
1276 4092 1465 4178 diversae
1495 4091 1643 4178 aetatis
1670 4116 1719 4177 et
1746 4100 1962 4213 magnitu.

256 4246 391 4347 dinis,
432 4275 519 4331 non
543 4241 802 4361 promiscue,
845 4247 920 4330 sed
955 4243 1166 4331 distinctis
1201 4244 1422 4358 gregibus3
1481 4246 1633 4329 dantur
1660 4248 1956 4357 dodrantalea,

256 4398 684 4513 sesquidodrantales,
728 4396 1024 4500 semiulnares,
1068 4428 1161 4495 rato
1201 4398 1463 4503 subulnares,
1503 4395 1581 4512 qui
1607 4398 1815 4507 maximi,
1862 4427 1911 4491 et
1936 4437 1962 4491 ι

257 4546 536 4667 piscatoribus
564 4549 692 4663 vulgo
718 4549 896 4636 tatarico
924 4550 1095 4636 nomine
1124 4553 1265 4661 Batyt
1287 4530 1474 4664 ⁹(piscis)
1514 4549 1764 4639 salutantur.
1828 4555 1888 4643 ni
1918 4580 1966 4643 et

258 4701 529 4786 semiulnares
556 4723 658 4787 tunc
691 4701 937 4817 praesertim
964 4701 1119 4788 ovariis
1146 4701 1320 4814 turgidi.
1361 4706 1402 4784 A
1429 4701 1602 4816 copioso
1632 4704 1854 4819 Mugilum
1883 4741 1960 4797 esu

257 4850 382 4941 facile
411 4850 658 4941 oboriuntur
684 4856 837 4943 febres,
909 4852 1076 4972 Optimi
1114 4879 1257 4940 tamen
1293 4875 1389 4939 sunt
1415 4883 1520 4942 -cum
1559 4852 1661 4941 vino
1696 4858 1842 4969 cocti,
1890 4864 1963 4951 tel
