4404 5902
1046 261 1196 317 ΕΞ
1874 249 1964 336 2³9

267 449 362 569 ipsa
389 445 529 536 nucha
555 445 787 565 incipiens,
832 446 1176 566 septemradiata,
1213 448 1343 537 radiis
1373 447 1708 567 spinescentibus
1738 450 1969 556 debilibus,

268 628 448 722 quatuor
477 599 756 687 anterioribus
785 601 1030 713 majoribus,
1068 601 1372 718 posterioribus
1399 603 1635 689 minoribus
1660 605 1845 692 incisura
1871 608 1965 724 pin·

266 787 348 844 uae
375 751 676 842 subdistinctio
731 756 776 837 P.
807 755 920 839 dorsi
944 757 1124 840 secunda
1151 753 1382 861 latissima,
1437 758 1683 863 rotundato,
1731 760 1964 879 subterrata

267 908 398 997 radiis
429 925 496 1013 24.
522 907 663 992 lusco·
678 903 939 1022 hyalinoque
973 908 1191 992 nebulosa.
1261 908 1307 993 P.
1349 919 1419 996 ani
1454 908 1537 996 ista
1571 910 1699 1027 paulo
1735 909 1965 1027 angustior,

263 1058 514 1182 profundius
540 1058 699 1164 incisa,
752 1059 942 1173 margine
970 1057 1230 1173 nigrescens,
1276 1059 1490 1147 radiorum
1519 1097 1585 1151 ao.
1615 1094 1758 1148 versus
1785 1066 1964 1151 caudam

268 1212 477 1333 prolixius
505 1213 629 1299 alata.
696 1212 744 1295 P.
770 1213 928 1299 caudae
955 1214 1207 1326 majuscula,
1246 1214 1455 1328 aequalis,
1492 1213 1683 1328 margine
1711 1220 1964 1302 subdentata

264 1365 400 1455 radiis
432 1379 493 1452 ιδ.
519 1363 715 1450 omnibus
741 1362 1093 1479 simplicissimis,
1144 1364 1542 1483 extimis-utrinque
1569 1368 1731 1454 duobus
1758 1368 1963 1455 breviori·

263 1524 363 1623 bus,
405 1520 589 1618 fuscata,
628 1517 776 1603 rivulis
815 1515 1061 1603 transversis
1102 1515 1315 1633 hyalinis,
1353 1548 1440 1606 uno
1474 1521 1528 1604 ad
1568 1517 1713 1626 basin,
1753 1520 1962 1608 latissimo

260 1693 360 1790 post
386 1672 593 1777 medium,
651 1670 888 1784 angustiore
929 1699 1072 1754 versus
1112 1670 1359 1784 marginem.
1427 1673 1661 1784 longitudo
1688 1695 1777 1758 tota
1806 1681 1862 1759 δ”.
1895 1675 1958 1760 δ”.

260 1822 487 1942 pinnamm
524 1822 803 1940 pectoralium
837 1825 891 1905 r''.
920 1824 990 1906 e“‘.
1026 1820 1178 1939 capitis
1216 1825 1269 1905 ad
1311 1823 1546 1939 marginem
1579 1825 1873 1940 operculorum
1907 1832 1959 1912 1'‘.

262 1983 336 2067 3⁸.
365 1974 565 2062 distantia
592 1976 748 2092 pinnae
777 1971 890 2059 dorsi
917 1973 1081 2089 primae
1112 1977 1166 2059 ab
1192 2003 1265 2059 ore
1301 1983 1387 2061 rom.
1415 1982 1589 2090 -ejus
1625 1975 1842 2081 extensio,
1885 1975 1956 2084 9⁸2

261 2129 475 2217 radiomm
504 2128 691 2244 priorum
720 2129 922 2226 altitudo,
970 2129 1063 2212 rim.
1093 2129 1301 2212 secundae
1339 2127 1533 2213 extensio
1568 2142 1628 2215 ᾤ’.
1657 2129 1960 2225 61'''.‘latitudo

261 2312 426 2367 summa
460 2290 515 2367 r''.
547 2295 614 2367 am.
643 2280 842 2366 distantia
873 2313 896 2364 a
923 2280 1055 2363 cauda
1085 2290 1171 2383 αἵθ.
1202 2279 1304 2365 dist.
1333 2280 1423 2396 pin.
1454 2280 1709 2367 ventralium
1738 2312 1762 2385 a
1790 2309 1957 2365 summo

260 2456 398 2519 rostro
431 2438 488 2518 r'‘.
515 2435 585 2541 4'‘'.
615 2434 718 2520 hinc
747 2433 800 2517 ad
829 2463 955 2517 anum
984 2433 1056 2542 7''‘.
1092 2429 1193 2531 inde
1230 2436 1283 2519 ad
1316 2466 1359 2550 p.
1399 2433 1469 2519 ani
1497 2443 1568 2548 7'''.
1608 2431 1733 2547 hujus
1758 2428 1959 2517 extensio

261 2587 322 2672 a''.
353 2588 401 2653 -’-
432 2594 602 2703 ejusque
637 2585 819 2671 latitudo
854 2615 1016 2668 summa
1050 2592 1157 2681 ro,'''.
1188 2582 1358 2671 distant.
1398 2589 1452 2672 ad
1492 2588 1670 2672 caudam
1697 2593 1771 2693 tm.
1799 2582 1957 2703 longit·

257 2737 418 2860 pinuae
445 2743 605 2828 caudae
636 2742 694 2827 r”.
722 2736 791 2845 tm.
822 2735 931 2822 altit.
962 2766 1078 2850 corp.
1110 2738 1163 2820 ad
1191 2768 1234 2851 p.
1263 2740 1444 2824 ventral.
1479 2753 1537 2825 r‘'.

792 2938 1421 2958 m*

537 3086 761 3193 XXXIII.
838 3083 1670 3204 SCORPAENAEu.

393 3483 650 3602 Scorpaenae
678 3479 880 3569 affinitate
911 3482 965 3565 ad
993 3485 1214 3564 Persarum
1242 3506 1377 3591 genus
1402 3481 1633 3584 accedunt,
1685 3483 1777 3592 jure
1802 3472 1951 3593 itaque

251 3636 311 3725 ad
351 3633 447 3721 illae
486 3634 708 3722 transitum
754 3633 961 3719 indicant.
1038 3638 1088 3715 In
1130 3628 1235 3715 mari
1273 3630 1395 3745 nigro
1437 3655 1581 3720 nostro
1618 3629 1744 3718 unica
1783 3630 1949 3748 species

249 3787 515 3906 hospitatur,
545 3819 678 3905 eaque
704 3783 769 3873 ibi
796 3784 995 3903 copiosa3
1024 3783 1141 3871 nulla
1167 3781 1214 3868 in
1242 3782 1406 3871 boreali
1434 3806 1479 3872 et
1505 3783 1703 3872 orientali
1731 3784 1919 3874 Oceano.

303 4148 344 4256 ⁸)
367 4160 446 4226 Huc
484 4160 659 4247 pertinet·
683 4147 804 4226 Certus
842 4154 981 4225 dicemus
1020 4142 1170 4220 Pallastii
1199 4168 1309 4235 quem
1345 4151 1382 4216 in
1428 4152 1522 4218 actis
1563 4149 1701 4217 nonne
1736 4145 1945 4212 novissimis

378 4278 590 4366 (Memoires
615 4276 661 4346 de
687 4274 826 4345 l’ltcad.
853 4281 938 4368 imp.
967 4274 1003 4341 d
1031 4293 1081 4342 sc.
1109 4271 1156 4339 dc
1181 4275 1231 4339 st.
1259 4262 1420 4339 Peterbb.
1444 4274 1546 4338 Tom.
1573 4273 1635 4342 111.
1662 4291 1698 4360 p.
1726 4261 1941 4361 276-285.

376 4399 465 4475 Tab.
492 4403 583 4465 xlii.
611 4421 686 4488 quo
711 4399 758 4467 ad
783 4403 907 4467 rivum
932 4397 1099 4487 depictus
1125 4395 1200 4481 est)
1224 4394 1430 4461 accuratius
1453 4395 1526 4482 jam
1551 4389 1818 4474 demonstravi,
1856 4406 1943 4454 curn

376 4525 474 4589 enim
500 4528 630 4589 auctor
653 4521 913 4590 celeberrimus
936 4524 1061 4586 noster
1085 4515 1296 4606 Syrascejam
1320 4510 1450 4581 Blocbii
1473 4532 1546 4580 usn
1571 4514 1774 4599 agnoverit,
1806 4505 1939 4576 saltem

377 4642 475 4710 tuter
506 4646 725 4733 scorpaenae
755 4645 899 4710 Linnaei
932 4639 1128 4730 ponendus.
1195 4632 1393 4704 Pisciculus
1423 4639 1480 4701 est
1505 4629 1795 4701 Camtschaticus
1832 4633 1941 4696 Scor·

378 4782 520 4855 pacare
547 4763 717 4840 horridae
742 4762 947 4838 rituillimur
973 4783 995 4834 a
1018 4760 1166 4839 Cutiliis
1191 4759 1240 4833 ob
1266 4752 1605 4836 moenianum
1630 4758 1670 4830 et
1694 4758 1941 4827 montuosam
