4404 5902
527 627 637 723 62.·
681 625 1058 730 SQUALUS
1156 627 1512 722 Corchurins.

310 903 353 990 S.
383 899 580 988 dentibus
605 900 929 1015 triangularibus
957 898 1187 1005 serrulatis,
1207 902 1342 1007 ¹dorso
1371 902 1518 1017 plano.

316 1134 319 1139 ,
391 1054 556 1158 Lamia,
597 1057 770 1140 Aristot.
800 1060 892 1140 hin.
921 1060 988 1140 un.
1020 1057 1068 1139 V.
1099 1086 1134 1138 c.
1165 1069 1204 1142 5.
1231 1057 1307 1138 IX.
1338 1087 1373 1140 c.
1403 1069 1468 1170 37.
1511 1059 1740 1146 1222222.
1770 1079 1855 1147 nul.

446 1209 517 1294 lib.
547 1211 622 1292 IX.
652 1240 688 1293 c.
720 1227 785 1312 24.
825 1209 1002 1325 Oppiam
1033 1209 1105 1294 tib.
1141 1244 1175 1293 r.

394 1357 662 1460 carcharias,
697 1346 859 1445 'Otean
901 1393 1003 1445 mus.
1038 1363 1147 1444 Gott.
1177 1392 1218 1476 p.
1250 1361 1429 1446 361212.
1463 1377 1528 1450 23.
1557 1398 1596 1450 η.
1627 1379 1672 1473 5,
1704 1381 1742 1455 6.
1772 1370 1861 1457 aab.

447 1531 512 1618 24.
542 1545 581 1597 η.
613 1524 672 1599 5?

391 1668 564 1781 Squalus
594 1662 863 1764 Carchurias,
893 1670 982 1751 Lin.
1010 1688 1116 1778 synt.
1147 1667 1244 1749 ΧΠ.
1276 1669 1311 1751 I.
1344 1700 1371 1783 p
1413 1685 1507 1769 422.
1529 1614 1596 1781 sp.
1634 1706 1694 1756 22.

391 1818 565 1933 Squalus
593 1848 767 1934 corpore
795 1816 990 1923 cinereo,
1020 1822 1145 1906 dorso
1161 1820 1283 1941 latu,
1311 1823 1451 1904 Bloch.
1481 1832 1581 1935 piac.
1615 1844 1726 1908 aaut.
1754 1828 1788 1909 Ῑ.
1820 1857 1862 1940 p.

451 1987 516 2059 33.
547 2004 586 2055 n.
623 2007 712 2078 229.

389 2122 543 2209 White
586 2122 720 2208 8122212
728 2185 742 2223 ,
806 2125 1024 2239 Willuglrb.
1062 2130 1186 2210 ichrh.
1219 2160 1258 2239 p.
1289 2143 1356 2234 47.
1385 2124 1468 2208 tub.
1498 2128 1589 2235 B7.
1646 2128 1738 2243 Ruj.
1767 2159 1862 2242 ayn.

444 2288 544 2393 piac.
574 2310 614 2393 p.
652 2289 712 2362 18.
769 2278 961 2362 Pennana.
991 2281 1109 2363 Zool.
1141 2283 1244 2364 Brit.
1274 2286 1369 2389 (4¹⁰)
1400 2311 1439 2392 p.
1471 2291 1536 2379 64.
1568 2311 1606 2361 n.
1639 2297 1707 2381 42.

271 2440 397 2519 Ross.
424 2433 566 2516 Molroi
592 2452 637 2514 et
666 2427 838 2514 abusive
867 2432 1011 2517 Pullus
1039 2433 1172 2544 (quod
1201 2432 1255 2515 ad
1284 2429 1477 2514 Pleuron.
1510 2427 1752 2543 maximos).

275 2582 476 2672 Coraecis
506 2584 559 2666 ad
587 2583 765 2668 Olutora
797 2584 957 2693 Tuguls.

277 2733 612 2824 Camtschadalis
640 2737 825 2819 Malenoi.

307 2897 357 2973 In
386 2891 558 2974 Oceano
587 2886 787 2972 orientali
818 2890 1013 3006 frequens
1041 2913 1301 2992 monstrum
1340 2890 1585 3007 praesertim
1615 2890 1727 2976 circa
1756 2893 1858 2979 Olu-

151 3072 323 3150 totam,
378 3041 565 3154 itemque
595 3041 648 3124 ad
676 3039 823 3126 Sinum
850 3043 1081 3138 Avatscha‚
1140 3044 1334 3156 circaque
1365 3043 1653 3128 Promontoria
1684 3047 1857 3130 Cronok

154 3225 208 3286 et
238 3199 429 3314 Lopatka
456 3191 631 3307 capitur.
715 3194 851 3278 Multa
879 3217 924 3278 et
949 3195 1130 3280 ridicula
1157 3197 1211 3278 de
1239 3224 1292 3278 2ο
1318 3217 1487 3279 narrant
1514 3195 1857 3282 Camtschaduli:

155 3383 311 3441 avaros
339 3346 533 3433 homines
563 3377 778 3461 nunquam
808 3344 922 3432 hunc
948 3347 1110 3463 piscem
1138 3375 1259 3460 posse
1303 3375 1480 3460 capere3
1535 3344 1736 3460 piscatori
1766 3375 1856 3432 esse

154 3505 402 3595 cavendum
429 3531 482 3584 ne
511 3529 666 3584 nomen
694 3496 822 3614 piscis
852 3499 921 3583 vel
951 3506 1038 3611 ejus
1066 3499 1233 3584 vesicae
1268 3500 1541 3612 pronunciet,
1600 3497 1759 3583 etenim
1786 3498 1856 3583 vel

156 3661 355 3770 effugere
383 3653 565 3770 piscem,
621 3651 690 3735 vel
729 3649 914 3735 vesicam
955 3653 1092 3767 ipsum
1130 3653 1384 3767 pertundere
1413 3673 1457 3735 et
1484 3650 1692 3758 lacerare,
1749 3680 1857 3767 quae

151 3808 306 3925 magni
336 3804 577 3891 aestimatur
603 3825 648 3889 et
671 3835 747 3920 pro
777 3804 1035 3889 asservandis
1062 3803 1255 3904 cibariis,
1297 3804 1543 3917 praesertim
1569 3803 1736 3918 pingui,
1774 3834 1857 3886 ser·

151 3964 241 4051 vit.
299 3957 458 4045 Dicunt
487 3954 620 4041 etiam
645 3956 869 4041 abscissum
899 3980 1024 4073 caput
1050 3956 1179 4072 piscis
1206 3954 1410 4039 continuo
1438 3984 1610 4039 movere
1637 3955 1781 4037 oculos
1812 3976 1857 4037 et

146 4112 486 4229 circumspicere
524 4139 719 4224 quorsum
759 4108 956 4194 dilaniati
994 4105 1180 4222 corporis
1224 4108 1457 4219 fragmenta
1485 4107 1748 4200 auferantur,·
1805 4126 1850 4187 et

144 4296 268 4387 quae
297 4284 396 4351 suut
422 4264 497 4350 rel.
545 4312 601 4328 -
650 4262 801 4347 Γ122260
833 4259 1006 4375 spinalis
1036 4256 1200 4375 Squalis
1229 4260 1547 4374 cartilaginem,
1602 4256 1729 4344 utin
1757 4252 1857 4340 Aci·

138 4448 388 4545 penserum
416 4448 594 4536 genere,
621 4414 704 4537 qui¹
725 4410 862 4509 edulia
890 4415 931 4496 V
927 4423 1042 4525 erigo
1070 4433 1256 4499 vocatur.
