4404 5902
337 420 428 491 212
1114 428 1259 481 ιιι-Ξ

335 627 540 746 Harengis
566 628 860 717 Kamensibus.
928 626 1104 743 Capitur
1138 647 1234 710 ante
1271 618 1653 735 conglaciationem
1688 612 1848 703 retibus
1884 629 1933 703 15
1972 643 2040 701 or·

338 807 540 893 gyamm‚
571 806 688 869 tanta
716 783 858 900 copia,
895 804 942 864 ut
970 810 1052 863 uno
1081 785 1193 889 jactu
1221 806 1344 892 saepe
1380 789 1427 862 15
1455 794 1500 859 et
1528 807 1578 858 so
1608 768 1784 888 scaphas
1809 767 2043 885 impleant.

339 937 425 1018 Sub
456 935 592 1049 glacie
626 935 784 1020 deinde
818 932 1043 1050 postilibus
1084 930 1244 1014 retibus
1278 928 1550 1042 colliguntur.
1620 927 1775 1010 Pinnae
1807 926 2045 1038 pectorales

338 1108 453 1174 totae
482 1090 626 1173 albent
656 1086 700 1171 in
731 1085 825 1172 hac.
901 1093 1019 1169 Hanc
1053 1092 1321 1181 varietatem,
1375 1080 1422 1166 in
1450 1082 1595 1165 Fauno
1621 1085 1784 1163 suecica
1810 1070 2046 1159 Linniteo

339 1243 553 1353 quondam
583 1241 843 1354 adoptatam,
874 1238 953 1322 Vir
979 1235 1154 1322 illustris
1183 1256 1356 1350 postea,
1390 1230 1535 1318 nescio
1563 1233 1618 1316 ob
1647 1257 1774 1344 quam
1800 1223 2042 1311 rationeml

339 1390 544 1505 neglexit.

347 1620 460 1709 153.
502 1613 832 1709 CLUPEA
869 1616 1289 1707 Euerusicolus.
1328 1611 1460 1702 TAB.
1488 1608 1633 1701 XLV.
1658 1606 1742 1728 fig.
1764 1636 1812 1711 2.
1833 1607 1896 1709 A,
1914 1604 2044 1709 B,C.

480 1847 528 1933 C.
553 1846 729 1931 maxilla
750 1844 962 1960 superiore
982 1841 1185 1956 longiore,
1216 1861 1405 1942 rostrata,
1435 1835 1577 1925 carina
1601 1835 1841 1923 abdominis
1854 1832 2044 1949 integra.

560 1997 852 2083 Encrasicolus
891 2001 1063 2080 Aristot.
1101 1997 1194 2077 hist.
1230 2025 1299 2077 art.
1337 1992 1428 2076 Lib.
1459 1992 1531 2074 Vl.
1572 2022 1664 2103 cop.
1703 2002 1762 2075 15.
1810 1986 2047 2100 thtughb.

615 2153 740 2235 iclttlr.
770 2181 811 2262 p.
842 2161 933 2231 225.
964 2149 1049 2232 tob.
1081 2181 1119 2228 a.
1138 2147 1224 2258 fig.
1254 2177 1291 2228 a.
1323 2146 1414 2262 Roj.
1442 2173 1538 2254 syn.
1571 2151 1671 2254 piso.
1702 2174 1743 2255 p.
1777 2174 1869 2249 ¹⁰7·
1901 2172 1945 2223 n.
1980 2174 2023 2248 9.

557 2300 793 2416 Anchovy,
828 2303 946 2385 Peon.
975 2301 1093 2384 Zool.
1122 2302 1226 2383 Brit.
1257 2304 1357 2409 (410)
1386 2297 1461 2378 ΠΙ.
1490 2325 1532 2412 p.
1555 2306 1649 2398 304.
1678 2325 1716 2378 rr.
1744 2305 1834 2378 163.
1865 2292 1961 2377 tob.
1980 2304 2049 2403 67.

561 2454 723 2569 Clupea
752 2450 928 2537 maxilla
954 2448 1167 2564 superiore
1196 2447 1486 2562 prominente,
1537 2450 1680 2537 Bloch.
1710 2452 1812 2561 pise.
1838 2474 1988 2557 germ.
2016 2446 2054 2530 l.

621 2639 661 2721 p.
692 2639 785 2689 aro.
814 2639 852 2688 rt.
883 2624 922 2706 4.
953 2605 1033 2689 tob.
1067 2618 1132 2688 30.
1151 2608 1232 2714 fig.
1263 2635 1300 2683 a.

563 2757 726 2871 Clupea
754 2755 1070 2859 Encrasicolus,
1098 2760 1188 2839 Lin.
1217 2773 1321 2865 syst.
1350 2754 1445 2836 ΧΠ.
1475 2756 1508 2836 l.
1538 2785 1578 2865 p.
1614 2765 1708 2838 523.
1735 2780 1799 2866 sp.
1830 2766 1873 2853 4.

457 2905 603 2992 Rossis
627 2911 911 2994 Saloltuschlro
938 2915 981 3018 (a
1009 2906 1182 2992 nomine
1210 2903 1380 2989 fennico
1408 2904 1601 3020 Spratti),
1628 2901 1676 2988 in
1701 2898 1888 2987 Taurica
1916 2898 2055 2989 Cher·

512 3087 660 3144 soneso
689 3063 806 3179 Bjelo
821 3118 833 3127 -
849 3059 998 3170 rylrlso.

452 3210 798 3296 Tauro-Tataris
827 3214 1029 3298 ctamsst.

485 3369 649 3478 Hyeme
691 3386 734 3448 et
773 3363 914 3448 vernis
957 3362 1194 3460 mensibus,
1233 3359 1482 3475 pracsertim
1510 3359 1686 3464 Marti0,
1731 3382 1778 3445 et
1813 3390 1961 3477 usque
2001 3361 2056 3447 ad

349 3537 550 3600 aestatem
581 3518 808 3600 secundum
839 3518 1083 3628 confragosa
1112 3514 1255 3599 littora
1283 3515 1462 3598 Tauriae
1491 3537 1607 3599 tanta
1637 3512 1760 3628 copia
1786 3512 1977 3628 migrat,
2012 3534 2058 3599 et

346 3687 597 3780 tempestate
633 3665 679 3750 in
718 3666 861 3754 littora
900 3667 1086 3778 ejicitur,
1139 3688 1186 3748 ut
1230 3666 1425 3781 plaustris
1458 3665 1505 3750 in
1542 3664 1850 3752 mediterranea
1894 3667 2051 3753 locas

347 3815 513 3901 Tutoris
540 3839 585 3901 et
613 3818 783 3903 Graecis
811 3816 1052 3903 divehatur.
1111 3817 1287 3932 Capitur
1315 3818 1444 3903 etiam
1471 3817 1652 3922 retibus,
1681 3840 1726 3902 et
1754 3847 1876 3904 more
1909 3821 2059 3907 Gallo·

349 3998 441 4053 rum
471 3990 595 4082 atque
624 3971 851 4069 Italorum,
894 4001 972 4085 pro
1009 3969 1170 4084 optimo
1208 3976 1318 4055 Garo
1359 3972 1532 4056 condire
1570 3993 1614 4054 et
1642 3970 2060 4089 Constantinopolin

351 4142 574 4233 exportare
603 4151 717 4225 eam,
761 4151 857 4206 cum
886 4152 1076 4207 successu
1103 4144 1310 4206 tentatum
1340 4123 1442 4222 fuit,
1488 4125 1562 4208 sed
1591 4120 1798 4208 industria
1835 4120 1990 4211 adhuc
2016 4124 2062 4209 iu

350 4266 420 4353 his
450 4271 574 4355 terris
600 4273 783 4384 languet.
855 4275 1038 4360 Crudam
1068 4276 1250 4358 vendere
1278 4275 1541 4390 Sevastopoli
1569 4277 1826 4390 quandoque
1855 4276 2060 4391 prohibi·

351 4438 464 4524 tum,
508 4452 562 4507 ne
592 4423 871 4510 abstinentiae
899 4447 1090 4541 tempore
1119 4425 1343 4511 classiariis
1371 4426 1628 4513 abundantis
1655 4458 1727 4512 sua
1756 4426 1903 4513 febres
1935 4429 2064 4517 indu-

351 4595 434 4657 cat.
493 4574 611 4663 Odor
637 4576 815 4690 clupeae
842 4578 1085 4688 genericus3
1114 4610 1193 4665 nec
1225 4579 1394 4664 videtur
1425 4582 1477 4665 ab
1506 4608 1559 4664 eo
1589 4606 1742 4694 genere
1772 4584 2059 4695 segreganda,

351 4723 457 4810 licet
495 4750 645 4813 venter
679 4757 765 4814 non
804 4759 882 4845 per
921 4753 1055 4818 totam
1118 4728 1427 4848 longitudinem
1469 4751 1637 4848 argutus
1672 4751 1718 4816 et
1751 4733 1991 4822 serrulatus
2024 4756 2069 4823 et

351 4870 503 4965 habita
532 4877 795 4996 aliquantum
821 4883 1005 4992 differat,
