4404 5902
899 238 1045 294 ΞΒ
1716 226 1821 338 ιοη

126 436 253 524 assati
280 459 325 522 et
351 457 472 524 aceto
497 435 674 525 conditi.
745 434 933 522 Minores
973 438 1104 523 etiam
1145 439 1267 524 furno
1302 430 1527 537 indurati„
1571 442 1704 527 Gustu
1731 444 1823 528 fere

126 591 313 681 referunt
328 588 568 674 Salmonem
583 594 846 676 Lavaretum'.
888 591 1055 682 Ovorio,
1075 592 1161 676 sale
1193 589 1366 676 condita
1395 616 1439 678 et
1466 591 1621 679 siccata
1635 600 1817 713 (Kepha-

126 747 279 860 lornojo
316 745 433 844 stro,
477 741 678 826 Italorum
710 746 915 856 Botargo)
954 745 1018 827 ad·
1036 750 1246 829 Venerem
1281 741 1469 829 excitare
1506 749 1732 833 creduntur
1773 771 1819 834 et

128 892 305 1007 copiose
336 895 388 978 ad
414 900 591 996 Turcas,
622 893 711 980 imo
736 922 870 1008 usque
900 893 946 978 in
974 895 1099 981 Italas
1129 895 1322 1010 regiones
1351 895 1588 983 mittuntur.
1647 899 1819 987 Fiurios

122 1046 237 1158 apud
264 1077 340 1134 nos
376 1076 462 1131 non
506 1047 684 1169 subeunt
711 1045 918 1161 Mugiles,
960 1076 1099 1163 neque
1141 1078 1218 1163 per
1247 1047 1526 1142 Cimmerium
1558 1046 1820 1167 bosphorum

123 1175 389 1283 Maeotidem
416 1194 605 1282 visitent.

261 1353 433 1437 Descr.
490 1353 649 1465 Corpus
685 1351 1162 1467 tereti-compressum,
1203 1352 1393 1469 undique
1429 1384 1690 1457 convexum,
1730 1387 1817 1444 mas

120 1500 456 1615 crolepidotum,
487 1505 610 1587 dorso
638 1505 845 1610 rectiore,
872 1507 1026 1609 obeso,
1058 1504 1285 1590 abdomine
1314 1505 1649 1625 ventricosiore,
1676 1530 1817 1594 rotun·

121 1656 237 1738 dato.
295 1658 432 1770 Caput
460 1684 637 1769 corpore
665 1656 903 1770 angustius,
948 1660 1023 1742 sub
1066 1654 1200 1741 oculis
1236 1679 1413 1771 totoque
1442 1657 1640 1758 vertice,
1668 1662 1722 1747 ad
1750 1691 1814 1746 ro·

117 1827 250 1891 strum
279 1808 366 1894 fere
395 1835 549 1921 usque,
578 1806 761 1920 squamis
792 1784 953 1921 magnis
981 1807 1305 1920 irregularibus,
1337 1807 1500 1893 adnatis
1528 1807 1816 1917 imbricatum,

117 1960 310 2075 perfecte
339 1931 560 2061 conicum,
589 1979 720 2043 rostro
748 1959 1045 2077 brevissimo„
1066 1958 1429 2075 depressiuscu10,-
1454 1960 1693 2046 rotundato.
1745 1962 1817 2085 'Os

114 2142 322 2226 parvum,
361 2132 666 2213 transversum,
710 2112 954 2196 edentulum
971 2174 983 2215 ,
1000 2208 1009 2223 ·
1026 2141 1111 2194 non
1152 2109 1365 2213 emissile,
1409 2118 1589 2196 maxilla
1625 2116 1811 2223 inferiore

113 2264 246 2382 paulo
275 2262 488 2365 breviore,
519 2228 816 2378 plana,⁹⁸apice
845 2287 966 2348 acute
1000 2263 1216 2378 angulato,
1247 2264 1401 2376 angulo
1429 2261 1584 2347 reaimo
1613 2263 1658 2346 in
1688 2293 1807 2379 supe·
1888 2262 1902 2285 ’

113 2416 239 2502 rioris
267 2416 492 2505 incisuram
518 2406 748 2528 quadrante
788 2420 907 2531 (Fig.
943 2423 1071 2525 rra),
1127 2415 1243 2502 labio
1284 2437 1462 2531 utroque
1501 2417 1731 2502 tenerrime
1760 2440 1805 2503 et

114 2569 339 2655 confertim
368 2567 541 2671 ciliat0,
585 2567 696 2654 ciliis
745 2567 957 2653 inferioris
999 2568 1073 2653 vix
1114 2566 1365 2683 conspicuis.
1436 2573 1600 2684 Lingua
1629 2571 1808 2658 minima

116 2743 256 2807 acuta.
313 2722 435 2806 Oculi
463 2719 526 2805 ori
552 2719 760 2836 proximi,
801 2722 982 2805 indibus,
1002 2736 1126 2804 aureo
1154 2722 1357 2806 umbratis
1386 2723 1546 2823 -Nares
1572 2723 1715 2821 medio
1743 2723 1808 2807 in·

113 2896 186 2958 rer
211 2902 256 2957 os
292 2897 335 2957 et
379 2875 525 2959 oculos
563 2900 742 2988 parvae,
799 2872 1006 2988 posterior
1045 2872 1215 2987 patula,
1273 2875 1458 2958 anterior
1499 2875 1815 2961 subsalvulosa'

113 3028 324 3138 Opereulo
364 3029 598 3110 rotundata.
658 3012 871 3136 ”Corporis
910 3055 1116 3139 squamae·
1145 2994 1372 3136 inagnse,
1394 3014 1694 3146 'emesenam
1727 3058 1814 3142 per

108 3177 244 3263 series
289 3144 619 3291 longitudinales
657 3175 883 3287 digestae,
928 3175 986 3300 in.
1018 3160 1180 3286 quoi-is.
1205 3175 1338 3258 latere
1368 3188 1431 3262 »ὃς
1471 3204 1623 3260 omnes·
1661 3177 1820 3262 media*

109 3329 274 3415 lineola
303 3332 416 3413 fusca
444 3350 642 3440 notatae,
689 3325 876 3438 margine
905 3323 1225 3438 integerrimae,
1277 3324 1323 3408 in
1351 3326 1476 3408 dorso
1502 3347 1560 3408 et.
1580 3317 1744 3430 cauda,
1778 3359 1813 3412 a·

109 3481 257 3595 capite
285 3480 523 3595 inspectae,
555 3482 717 3579 fuscae,
749 3511 772 3559 a
800 3479 931 3562 cauda
961 3475 1075 3559 visae
1103 3477 1415 3563 coerulescenre
1431 3475 1637 3584 -lucidae,
1661 3508 1807 3566 versus

103 3635 244 3718 latera
273 3633 426 3719 sensim
456 3663 478 3714 a
512 3629 698 3744 margine
728 3630 865 3712 latius.
882 3630 1021 3729 albae,
1052 3653 1101 3713 et·
1124 3629 1552 3715 ad.ventrem·totse
1570 3631 1814 3719 candidam·

101 3788 263 3871 Sutura
293 3783 496 3888 iateralis,
526 3806 695 3897 praeter
723 3781 900 3864 lineolae
930 3780 1119 3865 omnium
1148 3811 1440 3895 squamarum,
1464 3781 1645 3866 omnino
1666 3784 1813 3869 nulla.

99 3940 265 4023 Pinnae
291 3936 403 4021 dorsi
430 3968 453 4019 a
483 3936 621 4050 capite
660 3955 870 4034 remotae,
913 3931 1112 4018 anterior·
1138 3934 1226 4016 fere
1265 3931 1314 4017 in
1354 3929 1632 4046 aequilibrio,
1653 3942 1806 4048 opinis

95 4086 289 4178 robustis
312 4080 511 4202 quatuor,
552 4116 725 4199 quarum
769 4108 854 4169 tres
894 4084 1055 4202 priores
1097 4083 1439 4199 approximarae,
1479 4081 1624 4168 tertia.
1641 4082 1800 4189 minor,

94 4238 335 4342 remotior,
366 4242 582 4354 dorsoque
611 4267 687 4352 per
717 4242 1001 4322 membranam
1031 4239 1231 4335 adnexas„
1264 4243 1405 4327 altera.
1417 4234 1552 4350 pinna
1579 4235 1696 4326 anuli·
1721 4265 1798 4350 op·

92 4392 270 4515 posita,
302 4422 449 4506 porra,
480 4389 830 4506 septemradiata,
858 4389 1021 4505 postica
1051 4391 1174 4472 dorso
1188 4374 1286 4483 [non
1315 4388 1509 4492 muana,
1535 4382 1670 4470 ‘radiis
1691 4383 1798 4487 fissi·

89 4549 219 4637 libus
291 4544 337 4625 P.
367 4552 435 4626 ani
463 4540 591 4626 radiis
626 4575 699 4639 ro,
738 4542 878 4656 primo
905 4540 1166 4655 spinescente
1181 4598 1196 4636 ,
1236 4535 1421 4622 dimidio.
1443 4536 1667 4640 breviore,
1696 4533 1810 4623 reli--

86 4699 200 4820 quis
230 4693 457 4800 fissilibus,
499 4658 664 4810 postica
702 4695 1030 4809 nonfraenata.
1090 4691 1144 4791 ,B-
1178 4695 1405 4811 pectorales
1430 4692 1810 4794 summme..
