4404 5902
1046 287 1194 340 επ
1878 263 1973 364 395

289 483 482 572 volumen
512 468 792 602 appendicum
820 472 881 559 ita
907 477 1123 578 subeunte,
1154 501 1201 562 ut
1228 476 1417 565 immisso
1445 506 1522 594 per
1549 478 1673 566 illum
1693 483 1793 566 flatu
1816 511 1973 598 appen-

287 637 400 723 dices
430 659 576 717 0mnes
603 626 813 710 inflentur.
873 633 1077 741 Adeoque
1120 631 1218 715 uilis
1261 663 1356 716 cum
1400 663 1525 718 muco
1563 633 1673 717 intra
1715 633 1972 748 appendices

283 811 443 877 secreto
470 783 517 868 in
546 781 744 896 pylorum
769 799 814 885 et
839 778 1085 870 intestinum
1111 783 1357 868 effunditur.
1414 788 1513 871 Lien
1541 783 1842 899 ypsiliformis,
1884 789 1972 872 fere

283 949 431 1057 niger,
462 938 513 1023 ad
548 969 593 1020 ro
624 930 802 1048 pollices
832 932 1003 1046 longus,
1032 932 1257 1019 dimidium
1288 937 1408 1022 latus.
1465 943 1597 1027 Renes
1625 937 1878 1044 mollissimi,
1909 937 1973 1024 bi·

278 1094 399 1198 lobi,
429 1121 508 1208 per
530 1110 667 1172 totam
693 1083 1004 1197 longitudinem
1033 1085 1177 1200 spinae
1207 1088 1320 1173 dorsi
1347 1090 1529 1178 extensi.

419 1248 542 1331 Not.
579 1262 611 1324 ι’.
670 1235 902 1323 Piscatores
930 1237 974 1322 in
1004 1235 1159 1324 Sibiria
1187 1242 1378 1328 Nelmom
1406 1277 1430 1328 a
1457 1247 1615 1363 Bjelaja
1643 1246 1794 1358 tybizo
1823 1243 1972 1331 distin·

274 1422 439 1519 gaunt,
481 1395 570 1481 imo
606 1387 743 1476 lacuti
784 1389 903 1474 illam
938 1390 1141 1510 peculiari
1171 1394 1343 1480 nomine
1372 1399 1509 1510 Antty
1535 1396 1773 1513 designaut.
1830 1405 1970 1486 Notae

278 1577 448 1655 autem,
492 1546 643 1664 quibus
682 1543 903 1639 distinctos
942 1543 1079 1661 pisces
1115 1576 1204 1631 esse
1233 1548 1406 1650 volunt,
1448 1552 1556 1634 adeo
1583 1581 1731 1666 parum
1759 1553 1976 1639 sufficiunt

272 1704 534 1795 stabilienda
562 1697 803 1784 differentia
831 1697 1054 1814 specifica,
1084 1721 1131 1784 ut
1159 1700 1322 1811 optimo
1352 1707 1440 1810 jure
1468 1700 1761 1816 imaginariam
1790 1704 1968 1789 varieta-

272 1882 367 1948 tem
395 1859 561 1942 subesse
589 1875 829 1938 statuamus.
866 1854 1063 1936 Referam
1091 1874 1232 1937 tamen
1262 1883 1369 1967 quae
1398 1853 1569 1970 accepi:
1597 1855 1790 1941 Nelmem
1818 1819 1968 1942 dicunt

271 2038 371 2100 esee
400 2009 540 2095 minus
573 2009 713 2092 albam
743 2007 818 2092 sed
847 2005 1138 2107 tumidiorem,
1168 2035 1343 2121 corpore
1373 2029 1470 2092 ante
1499 2008 1676 2103 caudam
1703 2006 1837 2122 magis
1864 2029 1974 2093 tere·

273 2188 371 2255 tem
395 2187 444 2249 et
469 2158 745 2262 crassiorem,
787 2187 960 2242 carnem
986 2165 1077 2271 ejus
1104 2157 1243 2244 minus
1272 2158 1473 2274 pinguem
1500 2182 1548 2244 et
1574 2158 1772 2264 dulcem5
1825 2162 1971 2247 Obum

270 2342 323 2411 ot
349 2326 532 2402 Tomum
572 2312 723 2399 fluvios
764 2309 912 2396 dicunt
953 2334 1117 2398 tautum
1154 2313 1345 2399 Nelmam
1385 2311 1523 2415 alere,
1563 2340 1643 2396 nec
1679 2310 1883 2415 alteram,
1926 2311 1973 2399 in

272 2475 471 2588 Covyma
499 2491 545 2552 et
570 2472 685 2551 Lena
713 2487 937 2578 utramque
965 2463 1056 2550 dari
1084 2464 1352 2562 varietatem,
1381 2485 1424 2546 at
1449 2461 1496 2549 in
1523 2464 1672 2551 Rossia
1699 2466 1846 2569 deesse
1877 2467 1972 2553 Nel-

270 2647 404 2715 mm.
460 2623 571 2709 Hinc
610 2651 635 2703 a
677 2619 774 2702 loco
810 2617 882 2702 vel
923 2618 1080 2733 pabulo
1123 2615 1227 2702 oriri
1269 2618 1416 2701 credas
1460 2615 1722 2704 differentias
1756 2618 1971 2734 allegatas.

271 2785 557 2869 &ternarum
583 2795 700 2857 certe
727 2770 1072 2883 interna-rumque
1100 2769 1284 2886 partium
1318 2791 1473 2857 exacta
1510 2769 1773 2892 comparatio
1804 2772 1974 2879 nullum

268 2954 422 3025 notam
449 2923 839 3014 characteristicam·
864 2922 1072 3040 praebuit.
1983 2926 1987 2932 ’

415 3085 460 3168 Ν
469 3114 498 3169 o
512 3103 542 3166 t.
572 3114 611 3164 a.
667 3076 834 3192 Accepi
859 3077 904 3161 in
917 3072 1203 3191 'Wologdensi
1227 3100 1377 3182 tractu,
1406 3080 1502 3164 lacu
1525 3081 1715 3194 quodam
1728 3075 1974 3165 Kubeasltoi

270 3237 600 3349 diotoejusque
629 3227 768 3315 fluviis
797 3227 889 3313 dari
916 3229 1078 3343 piscem
1106 3231 1287 3321 Nelmae
1328 3230 1545 3332 similem,
1583 3232 1640 3317 ad
1679 3229 1866 3348 quinque
1898 3230 1973 3315 do·

261 3396 449 3487 drances
477 3389 664 3503 longum.
719 3384 806 3470 Sed
833 3381 941 3471 certi
965 3380 1079 3469 nihil
1108 3386 1162 3471 de
1188 3414 1242 3472 eo
1270 3413 1450 3474 asserere
1479 3414 1664 3504 possum·
1830 3503 1832 3507 ,

320 3602 324 3607 ·
366 3684 487 3768 ωε.
535 3659 815 3750 SALMO
860 3657 1191 3747 lavaretur.
1237 3655 1370 3746 TAB.
1408 3612 1668 3750 LXXltttt.
1708 3651 1792 3773 fig.
1835 3685 1880 3749 Ι.

344 3892 353 3905 ·
425 3850 466 3931 8.
497 3847 739 3961 Coregonus
773 3843 950 3929 maxilla
988 3840 1200 3957 superiore
1237 3843 1427 3958 longiore
1459 3846 1614 3935 obtuso
1646 3842 1969 3947 biruberculata,

247 4029 456 4123 torpore
485 4001 742 4113 oblongato,
772 3996 903 4114 pinna
932 3997 1044 4081 dorsi
1083 4016 1129 4100 14
1159 3997 1385 4084 radiorum.

499 4153 657 4238 Albula
684 4150 870 4253 nobiliS,
914 4149 1141 4265 Willughb.
1171 4155 1295 4236 icdtlr.
1324 4151 1411 4239 fad.
1440 4152 1481 4236 N
1495 4166 1535 4240 6.
1553 4161 1638 4268 fig.
1673 4188 1709 4238 ι.
1750 4154 1842 4270 Raj.
1874 4180 1969 4261 syn.

558 4316 659 4423 pise.
692 4339 732 4420 ρ.
762 4318 830 4390 60.
859 4337 895 4388 η.
931 4339 965 4385 ι.

498 4461 642 4544 Saluto
669 4466 917 4559 Lavaretus,
948 4461 1038 4543 Lin.
1071 4477 1177 4569 syst.
1204 4460 1302 4541 ΧΗ.
1331 4460 1365 4541 Ι.
1394 4491 1435 4575 p,
1464 4472 1558 4548 512.
1586 4491 1649 4578 sp.
1685 4471 1748 4545 15.

497 4612 723 4717 Gwiniad,
756 4613 877 4697 Penn.
905 4611 1021 4696 Zool.
1053 4615 1155 4696 Brit.
1183 4615 1259 4694 Ill.
1288 4645 1329 4726 p.
1362 4627 1451 4724 276.
1483 4613 1859 4737 u.x15a.tob.62.

505 4773 711 4869 cavaret,
741 4769 894 4849 Ascua.
926 4773 1029 4848 icon.
1059 4767 1145 4851 tob.
1176 4780 1241 4853 30.

1510 4924 1533 4975 a
