4404 5902
398 133 443 197 et
469 109 716 196 dorsalibus.
785 111 911 197 Pctus
936 107 1090 194 tenuis.
1161 111 1271 192 catti
1302 104 1480 221 asperati
1505 103 1608 188 inde
1638 134 1661 185 a
1689 101 1831 188 nucha
1857 103 2081 221 incipiunt.

397 269 443 352 Ρ.
489 265 601 349 dorsi
645 267 761 381 prior
796 265 983 379 quinque
1024 259 1207 362 radiata,
1265 259 1477 373 posterior
1514 261 1603 343 rad.
1650 273 1710 360 ¹4·
1752 260 2080 366 subrarnentosa,

398 417 532 506 unalis
559 419 647 502 rad.
684 452 744 503 ra.
792 461 800 473 *

599 644 711 737 106.
768 641 1105 736 COTTUS
1166 643 1494 732 Traclrurus.
1551 637 1683 726 TAB.
1737 635 1893 726 XXV.

539 872 588 957 C.
604 873 743 986 capite
772 869 1037 972 octacantho,
1069 869 1244 953 maxilla
1270 865 1483 983 superiore
1510 863 1702 977 longiore
1730 862 1928 970 cirrhata,
1957 867 2142 957 dorst-

402 1025 747 1140 monopterygio,
779 1022 962 1137 squamis
992 1021 1210 1104 muricato.

621 1177 769 1263 Cottus
810 1177 968 1257 duabus
1010 1174 1207 1256 brevibus
1252 1170 1436 1257 barbulis
1476 1172 1551 1254 sub
1594 1188 1757 1270 mento,
1812 1168 1969 1255 stelle,
2001 1173 2186 1262 obe.

678 1332 802 1415 ichrh.
839 1329 929 1408 MS.

510 1477 680 1562 Aleutis
710 1481 917 1594 Hlelsejolt.

542 1636 655 1714 Haec
686 1629 849 1744 species
878 1628 989 1713 circa
1016 1628 1159 1714 littora
1190 1625 1509 1715 Camtschatcae
1549 1623 1760 1740 inquilina
1787 1656 1872 1710 non
1901 1627 2137 1715 ridetur:
2176 1659 2190 1717 2⁰

403 1779 565 1865 etenim
593 1804 636 1862 et
679 1785 928 1867 Stellarus
968 1780 1128 1895 piscem
1167 1778 1390 1893 descripsit
1416 1777 1462 1861 in
1490 1777 1648 1863 vicinia
1677 1776 1936 1862 continentis
1962 1786 2187 1864 Arne·

404 1930 517 2015 ricae
546 1929 674 2015 harno
701 1953 897 2044 captum,
953 1955 998 2017 et
1025 1931 1257 2046 specimina
1286 1933 1370 2014 duo
1398 1928 1509 2013 mihi
1536 1962 1562 2012 a
1592 1931 1675 2012 Jos.
1704 1931 1936 2041 Billings
1960 1951 2186 2015 traus-

404 2081 558 2180 missa,
611 2080 767 2196 pariter
808 2083 859 2165 ad
899 2082 1042 2167 littora
1082 2083 1306 2168 Americae
1354 2103 1402 2165 et·
1439 2081 1551 2166 circa
1592 2079 1750 2163 Insulas
1779 2081 1944 2165 Curilas
1970 2099 2184 2197 capta

405 2234 588 2316 fuerunt.
645 2234 932 2319 conferendus
961 2265 1058 2319 cum
1084 2233 1169 2320 hoc
1199 2235 1389 2338 ridetur,
1445 2237 1589 2318 Cottas
1615 2232 1758 2317 scaber
1785 2233 1958 2317 Gmelin.
1986 2239 2181 2345 syd-

406 2386 497 2466 Ltn.
524 2388 602 2466 III.
633 2418 673 2498 p.
710 2418 825 2491 12⁰9·
853 2419 916 2500 sp.
946 2405 988 2492 4.

548 2539 719 2621 Descr.
775 2540 914 2651 Caput
949 2567 1164 2652 magnum,
1221 2542 1369 2625 obtuse
1412 2540 1672 2656 sagittatum,
1732 2539 1875 2622 subtus
1902 2538 2171 2656 planura,

406 2720 527 2804 supra
556 2685 1000 2789 convexo-hiulcum,
1058 2691 1308 2806 inaequale,
1361 2716 1493 2777 rostro
1520 2694 1757 2777 rotundato.
1815 2694 1960 2776 Rictus
1986 2676 2170 2776 tarni·

405 2870 510 2943 nus,
566 2835 796 2923 latitudine
836 2842 923 2924 fere
966 2843 1143 2957 capitis;
1201 2843 1401 2926 maxillae
1443 2841 1753 2946 subemissiles,
1808 2828 2170 2928 sublabiata'er

406 3001 588 3106 superior
615 2987 782 3102 longior
806 3015 850 3077 et
880 2992 1091 3108 recipiens
1119 2995 1388 3095 inferiorem,
1435 3019 1610 3110 utraque
1637 2993 1684 3078 in
1711 2992 1936 3108 marginali
1963 2986 2170 3087 lasci²

406 3145 624 3226 denticulis
652 3141 858 3247 minimis,
916 3145 1114 3229 confertis
1144 3168 1345 3259 asperata.
1416 3151 1528 3232 Area
1557 3147 1751 3260 angulata
1780 3143 1921 3229 antice
1947 3143 1995 3230 in
2022 3158 2170 3259 μθ·

406 3292 496 3378 lato
523 3316 566 3375 et
594 3293 789 3407 utrinque
817 3296 1024 3400 lateralis,
1082 3295 1271 3406 itemque
1299 3298 1468 3410 pulvilli
1497 3299 1543 3382 in
1574 3295 1762 3381 faucibus
1791 3318 1990 3410 quatuor,
2023 3296 2174 3380 it?

407 3447 505 3531 dem
536 3443 778 3528 denticellis
812 3448 1005 3561 asperati.
1061 3454 1234 3530 Lamina
1265 3472 1478 3559 mystaceu
1508 3473 1701 3550 arcuata,
1732 3449 2005 3536 extremitate
2033 3453 2172 3536 [ff

405 3595 610 3692 tiuscula,
638 3602 770 3680 cirrho
801 3600 939 3700 molli,
978 3601 1223 3685 brevissimo
1254 3602 1589 3715 appendiculata.
1647 3605 1781 3686 Cirrhi
1812 3606 1896 3684 duo
1924 3565 2175 3688 minui,i

407 3752 484 3833 sub
515 3769 672 3830 mento.
729 3753 874 3834 Aculei
903 3754 1266 3866 supramaxillares
1295 3753 1597 3850 robustissimi,
1635 3752 1830 3855 redama,
1868 3745 2176 3866 interjeccss

409 3899 648 3985 elevatione
703 3899 866 3985 conica.
951 3903 1121 3991 Orbitne
1177 3907 1393 3989 oculorum
1449 3906 1494 3989 in
1541 3905 1702 3990 vertice
1761 3904 2177 4019 approximatass’

408 4079 604 4164 magnae,
661 4049 873 4163 superiore
903 4055 1090 4170 margine
1122 4057 1328 4141 fornicato
1371 4055 1809 4170 prominentissimae,
1865 4040 2178 4139 interval1⁶

406 4200 700 4288 canaliculato.
761 4203 984 4290 Oculorum
1012 4206 1139 4290 irides
1169 4210 1491 4293 fulvo-alueus.
1564 4211 1605 4291 V
1601 4217 1735 4293 atticis
1764 4232 1860 4288 area
1887 4236 2001 4320 pone
2028 4198 2179 4290 οἷ’

404 4354 517 4441 bitaa
543 4353 687 4438 lunata
713 4376 759 4439 et
780 4387 913 4467 genae
941 4356 1052 4442 striis
1081 4359 1235 4473 asperis
1264 4359 1523 4446 radiantibus
1550 4356 1815 4448 scaberrima.
1872 4354 2173 4475 opercula
