4404 5902
337 334 437 446 384
1107 356 1256 410 a

339 556 626 670 „acutissimi,
652 553 861 677 pellucidi
888 556 1027 643 dentes
1055 576 1314 642 exseruntur.
1347 549 1516 639 Abhinc
1543 547 1667 639 unius
1693 550 1867 670 pollicis
1895 552 2043 671 spatio

337 715 513 832 „plures
542 711 793 814 acutissimi,
821 708 972 827 plani,
1000 709 1172 823 oblique
1200 739 1340 792 versus
1368 708 1557 792 fraenum
1578 704 1672 835 siti,
1699 705 1940 822 pellucidi3
1968 704 2044 794 his

337 867 416 976 „in
444 865 619 951 maxilla
646 861 846 948 inferiore
873 862 1054 948 totidem
1082 860 1242 945 similes
1269 862 1547 975 respondent;
1600 860 1678 943 sed
1714 856 1926 944 dimidiae
1966 890 2044 944 un·

337 1018 462 1126 „cias
491 1016 654 1133 spatio,
685 1037 783 1100 aute
813 1017 1027 1118 fraenum,
1070 1037 1247 1130 uterque
1277 1012 1521 1099 mandibula
1547 1009 1745 1099 dentibus
1773 1009 2041 1098 destituitur.

336 1177 420 1280 „In
444 1172 632 1280 inferiore
660 1165 834 1252 maxilla
862 1168 915 1251 ad
943 1197 1073 1250 unum
1102 1165 1305 1278 pollicem
1332 1169 1386 1252 sb
1414 1165 1557 1282 apice,
1584 1161 1732 1277 exigui
1759 1165 1941 1266 dentes,
1971 1167 2044 1251 ab·

336 1322 474 1430 „hinc
512 1323 654 1407 &ntes
687 1340 772 1404 tres
812 1343 857 1405 et
895 1342 981 1407 tres
1021 1319 1155 1404 lineas
1195 1317 1339 1432 longi,
1383 1319 1574 1434 adeoque
1609 1318 1758 1402 dentes
1794 1344 1879 1431 per
1911 1315 2044 1403 series

338 1471 679 1582 „discriminatae
706 1469 754 1556 in
780 1440 954 1586 utraque
982 1470 1158 1556 maxilla
1185 1470 1477 1585 disponuntur.
1519 1469 1621 1556 Siue
1648 1466 1780 1555 dubio
1809 1498 1950 1584 rapax
1978 1492 2043 1557 est

337 1625 497 1744 „piscia
523 1645 569 1710 et
593 1619 872 1712 vehementer
898 1628 1077 1712 mordet.
1136 1626 1206 1711 Ob
1234 1625 1341 1709 latos
1369 1644 1417 1708 et
1441 1645 1589 1710 tenues
1616 1624 1780 1727 dentes,
1807 1621 1967 1735 quales
1994 1620 2042 1708 in

337 1777 486 1888 „nullo
514 1774 632 1892 pisce
658 1774 774 1880 novi,
806 1778 1072 1890 Plagyodum
1099 1777 1264 1862 vocavi.
1281 1829 1335 1842 -
1364 1778 1503 1893 Caput
1530 1806 1654 1892 supra
1680 1774 1860 1879 oculos,
1893 1804 2041 1869 versus

337 1923 553 2039 „nucham
571 1927 713 2015 subito
733 1928 942 2014 attollitur
968 1950 1014 2012 et
1041 1929 1167 2014 latius
1200 1927 1358 2015 evadit.
1385 1933 1600 2017 Lunrellae.
1619 1924 1857 2015 exteriores
1885 1926 2039 2015 valvae

334 2077 664 2193 „branchiamm
690 2079 937 2167 tenuissime
963 2078 1184 2179 radiosae3
1241 2082 1443 2167 lamellas
1465 2081 1511 2169 in
1540 2080 1701 2168 vertice
1730 2109 1860 2195 supra
1888 2080 2038 2169 oculos

334 2231 521 2343 „itidem
548 2264 573 2319 a
599 2254 747 2323 centro
771 2231 991 2334 radiosae,
1018 2255 1179 2318 tenues.
1235 2233 1430 2321 Ossicula
1456 2236 1713 2322 numbram
1739 2230 2039 2321 branchioste·

332 2413 443 2501 „gae
468 2406 647 2505 quatrmr
672 2382 982 2500 autquinque,
1014 2384 1273 2476 tenuissima.
1306 2440 1357 2455 -
1396 2389 1645 2473 Membrana
1670 2384 1781 2472 haec
1807 2385 2033 2473 maxillam

335 2536 614 2647 „inferiorem
640 2536 780 2652 jungit
804 2556 849 2621 et
875 2533 950 2621 rix
976 2566 1061 2623 non
1089 2541 1143 2623 ad
1172 2562 1409 2628 extremum
1437 2536 1640 2625 maxillas
1665 2537 1903 2658 pertingit,
1932 2537 2032 2627 hinc

333 2688 599 2796 „maxillae,
625 2718 705 2806 pro
731 2686 1026 2803 magnitudine
1053 2692 1260 2806 praedae,
1293 2693 1473 2779 multum
1499 2689 1673 2779 dilatari
1695 2712 1902 2807 possunt3
1931 2690 2031 2779 huic

331 2868 496 2957 „scopo
531 2841 648 2928 favet
694 2837 826 2926 etiam
875 2840 1096 2956 singularis
1133 2846 1260 2961 plane
1297 2843 1510 2932 inferioris
1549 2842 1751 2935 maxillas
1789 2865 2028 2950 moturas

331 2989 473 3105 „haec
499 2991 618 3081 enim
647 2989 846 3109 utrinque
887 3019 944 3076 ex
982 2993 1175 3081 ossiculis
1212 2995 1333 3100 latis,
1379 2995 1521 3113 qualia
1561 2997 1667 3084 alies
1693 2996 1881 3085 membr.
1910 2999 2028 3087 bna·

330 3142 595 3262 ,chiostegis
622 3172 713 3233 esse
740 3145 892 3251 solent,
919 3149 1136 3231 conflatur.
1164 3149 1317 3238 Pinnae
1343 3146 1707 3265 postbrsucbislas
1732 3146 2026 3267 longissimas,

333 3300 488 3407 „valde
517 3272 677 3388 acutae.
735 3299 869 3385 Pinna
894 3297 942 3383 in
969 3299 1093 3385 dorso
1119 3300 1229 3384 ultra
1258 3302 1359 3387 duas
1386 3301 1533 3391 tertias
1559 3297 1690 3420 piscis
1716 3300 1944 3404 excurrite
1969 3310 2028 3395 al·

330 3474 449 3559 „tera
477 3484 563 3545 uno
589 3453 795 3573 dodrante
824 3452 876 3534 ab
905 3451 1067 3538 extima
1095 3455 1226 3537 cauda
1254 3455 1468 3559 exoritur,
1498 3477 1676 3541 cutanea
1702 3475 1781 3556 est,
1811 3456 1957 3572 qualis
1981 3458 2025 3545 iu

331 3603 629 3713 „Salmonibus
656 3631 746 3688 asse
772 3604 905 3709 solet,
936 3614 1010 3689 sed
1038 3604 1177 3691 tenuis
1204 3607 1362 3709 valde,
1391 3610 1547 3725 absque
1575 3604 1782 3694 ossiculis.
1829 3612 2023 3699 Dodrau·

330 3780 424 3866 „tes
453 3778 495 3850 a}
523 3790 546 3843 a
574 3777 708 3845 rostro
735 3758 843 3840 duae
873 3765 1021 3871 pinnae
1049 3758 1283 3862 ventrales,
1315 3781 1357 3865 ας
1384 3761 1565 3878 digitum
1591 3761 1759 3874 longae,
1791 3783 1842 3848 et
1869 3778 1896 3854 5
1920 3764 2022 3883 poll.

326 3934 456 4018 „ante
483 3911 658 4028 pinnam
684 3930 907 4002 cutaueam
935 3908 1075 4014 dorsi,
1106 3908 1190 3994 alia
1216 3909 1398 4030 simplex
1426 3913 1473 4000 in
1503 3937 1650 4005 ventre
1678 3912 1891 4019 exoritur,
1919 3945 2023 4033 quse

325 4067 465 4173 „forte
491 4095 534 4179 p.
568 4085 665 4188 post
706 4091 855 4164 auum3
913 4060 982 4148 ani
1025 4061 1142 4147 enim
1184 4063 1410 4181 vestigium
1448 4096 1534 4152 non
1575 4064 1785 4189 apparuit.
1854 4071 2024 4160 canan

327 4215 488 4331 „pinna
516 4237 608 4301 tres·
623 4214 729 4332 poll.
759 4213 909 4328 longa,
955 4213 1066 4317 lata,
1111 4213 1271 4301 extima
1310 4216 1730 4337 circumscriptione,
1773 4244 1828 4307 ut
1855 4221 2025 4311 videtur

327 4366 509 4474 „circuli
535 4387 800 4484 segmentum
827 4367 1039 4455 referens
1065 4395 1144 4457 uec
1171 4369 1291 4483 plura
1319 4393 1498 4487 propter
1524 4371 1871 4468 exsiccationem
1898 4379 2023 4469 adas

321 4538 411 4613 bata
437 4540 599 4613 extant.
