4404 5902
1295 353 1307 378 Ι

792 658 874 753 28.
926 640 1349 745 'Lacerat-'A
1423 653 1704 772 aquatica.

545 941 593 1022 L.
623 958 801 1044 corpore
828 927 1039 1044 laevigato
1067 928 1211 1012 subtus
1238 928 1376 1032 fulvo,
1406 926 1541 1012 cauda
1566 954 1804 1043 compresso
1832 924 2021 1042 ancipiti.

511 1087 655 1176 Rossis
685 1118 709 1169 a
735 1111 840 1170 voce
872 1084 1023 1168 Ulrola.

538 1245 590 1327 In
617 1232 985 1354 temperatioribus
1013 1257 1057 1318 et
1086 1233 1400 1322 australioribus
1425 1233 1556 1319 rarius
1583 1233 1631 1318 in
1659 1230 1813 1345 stagnis
1838 1231 2096 1333 observatum

399 1392 661 1511 frequentior
689 1391 734 1475 in
762 1385 1026 1476 Chersoneso
1055 1387 1258 1486 Taurica,
1301 1411 1446 1504 stagna
1473 1386 1685 1472 maritima
1711 1413 1810 1471 orae
1838 1381 2093 1470 meridiona-

400 1546 454 1634 lis
486 1566 678 1662 occupat.

788 1944 994 2080 Gen‘us
1035 1978 1118 2083 ιν.
1185 1978 1229 2084 c
1263 1981 1315 2084 0
1348 1980 1473 2088 tv
1514 1979 1556 2082 u
1586 1975 1629 2079 n
1662 1978 1696 2080 1.

1113 2264 1381 2282 *-

530 2457 757 2555 Colubros,
784 2452 989 2540 innocuos
1017 2485 1175 2558 omnes,
1205 2489 1227 2540 a
1255 2455 1427 2571 Viperis
1458 2453 1679 2540 venenatis
1704 2451 1829 2539 facile
1864 2446 2094 2565 distinguit

382 2616 525 2726 formu
554 2619 721 2726 cepitis,
766 2605 998 2693 crassitiem
1028 2607 1214 2723 corporis
1243 2609 1372 2722 vulgo
1401 2606 1475 2691 vix
1507 2605 1815 2722 exsuperantis,
1847 2607 1902 2689 ad
1930 2600 2089 2718 paroti-

393 2768 467 2849 des
495 2793 579 2848 non
609 2760 753 2876 gibbi,
812 2782 856 2842 et
883 2761 1072 2845 defectus
1100 2738 1280 2846 dentium
1300 2759 1593 2876 'repostilium,
1665 2765 1998 2868 venenijluorum,
2041 2752 2092 2838 in

388 2939 509 3030 parte
549 2912 757 3000 anteriore
797 2911 948 3026 palati,
1003 2944 1181 3026 quorum
1222 2916 1318 2998 loco
1359 2912 1585 2998 continuae
1625 2911 1752 2995 series
1789 2911 2089 2995 denticulorum

389 3075 657 3151 aciculorium
686 3066 846 3147 adsunt.
912 3065 1136 3150 Caeterum
1163 3073 1307 3178 lingua
1337 3064 1557 3165 Colubris,
1614 3093 1779 3178 prorsus
1806 3084 1854 3145 ut
1884 3059 2084 3175 Viperae,

386 3217 567 3320 bisulca,
598 3216 762 3316 mollis,
793 3215 1039 3318 retractilis,
1070 3248 1152 3331 qua
1181 3224 1306 3331 longe
1336 3239 1500 3300 exserta
1527 3216 1765 3312 minantur,
1801 3215 1912 3297 unde
1940 3243 1964 3296 a
1993 3211 2085 3292 vul·

386 3400 440 3485 go
470 3375 694 3456 Rossorum
725 3396 801 3481 pro
831 3369 978 3451 aculeo
1006 3392 1213 3455 venenato
1239 3371 1423 3454 timetur.
1456 3423 1504 3435 -
1545 3369 1822 3456 Colubrorum
1849 3395 1998 3480 genus,
2038 3385 2089 3447 ut

385 3520 432 3606 in
460 3523 654 3605 omnibus
692 3518 833 3619 terris,
892 3521 1125 3605 numerosis
1166 3523 1345 3635 pullulat
1388 3521 1627 3636 speciebus,
1685 3519 1746 3603 ita
1790 3542 1833 3603 et
1868 3518 1980 3632 apud
2005 3545 2086 3601 nos

386 3672 614 3786 multiplex
645 3693 726 3772 cst,
773 3672 845 3754 sed
875 3670 919 3754 in
948 3672 1188 3758 borealibus
1216 3697 1258 3758 et
1287 3675 1486 3758 ulteriore
1516 3672 1693 3772 Sibiria,
1730 3693 1901 3787 propter
1928 3668 2084 3753 intem·

384 3822 548 3941 periem
578 3823 780 3924 climatis,
826 3854 909 3906 non
940 3827 1021 3910 nisi
1050 3825 1179 3909 rarius
1208 3827 1389 3910 occurrit
1417 3857 1499 3910 una
1528 3828 1711 3910 alterave
1740 3822 1914 3937 specics.
1980 3826 2083 3903 For·

383 4007 453 4063 ma
483 3999 622 4060 autem
653 3976 817 4090 species·
842 3975 902 4060 ita
930 3977 1042 4061 inter
1078 4008 1120 4061 se
1155 3999 1250 4061 sunt
1285 3978 1469 4077 similes,
1523 3998 1570 4060 ut
1605 3977 1830 4062 videantur
1868 4006 1890 4056 n
1918 3979 2085 4057 Natura

384 4127 583 4216 conditae
626 4127 752 4212 fuisse
793 4127 837 4212 in
881 4159 1048 4213 crucem
1091 4129 1432 4231 Neotericorum,
1491 4125 1646 4243 quiin
1686 4124 2008 4214 subdividendis
2037 4149 2085 4212 et

382 4278 583 4365 minutim
611 4279 845 4365 lacerandis
877 4281 1104 4395 generibus
1134 4280 1391 4365 naturalibus
1420 4280 1597 4394 gloriam
1640 4281 1722 4369 sibi
1763 4301 1987 4393 quaerunt,
2034 4279 2084 4366 iu

385 4432 583 4516 damnum
613 4430 840 4518 Scientiae.
912 4433 1082 4550 Species
1111 4464 1133 4514 a
1163 4433 1304 4517 colore
1333 4432 1614 4518 determinare
1642 4432 1794 4536 malui,
1851 4431 1950 4547 quia
1979 4460 2082 4517 con·

385 4582 610 4669 stantioree
638 4606 752 4689 sunt,
783 4616 908 4701 quam
937 4607 1147 4670 scutorum
1175 4615 1521 4700 squamarumque
1549 4616 1757 4673 numerus.

909 4796 1221 4821 t-——u——u—
