4404 5902
589 562 744 656 »ποθ’
813 543 1036 637 RANA
1110 547 1428 641 caucott'co.

303 827 357 908 tt.
385 849 508 938 supra
534 848 774 925 verrucosa,
822 816 979 934 plantis
1006 816 1384 937 subhexadactylis
1402 815 1623 937 palmatis,
1676 849 1851 936 corpore

155 968 397 1060 latescente
425 976 545 1059 fusco
571 973 797 1058 maculata.

382 1132 500 1210 aaa
529 1123 751 1228 anaides,
806 1088 1014 1211 ostreae.
1044 1127 1135 1209 ns.
1164 1128 1252 1229 aa.

300 1282 352 1364 In
376 1279 570 1366 'Caucaso
608 1307 694 1362 non
728 1274 1039 1392 infrequentem
1081 1276 1323 1363 observavit
1349 1260 1606 1394 Diligentiss.
1634 1278 1856 1367 Gt'ilden·

156 1430 365 1530 sdtaet,
404 1437 520 1543 cujus
554 1424 882 1545 descriptionem
910 1427 1064 1514 insere.
1561 1524 1564 1531 ,

296 1588 471 1670 Descr.
500 1586 668 1696 „Caput
695 1582 960 1686 depressum,
992 1603 1126 1665 rostro
1155 1583 1393 1666 rotundato.
1449 1584 1634 1670 Maxilla
1661 1584 1852 1702 superior

154 1734 475 1842 „denticulata,
511 1729 694 1816 inferior
715 1731 929 1817 edentula.
1000 1737 1184 1844 Lingua,
1235 1755 1283 1816 ut
1307 1731 1355 1816 in
1383 1735 1688 1848 congeneribus
1718 1738 1853 1822 omni·

152 1892 264 1991 „bus
292 1887 429 1972 antice
459 1882 658 1981 radicata,
686 1879 735 1965 in
763 1883 885 1967 fauce
912 1883 1136 1989 fluctuans,
1165 1882 1311 1970 bifida.
1368 1891 1482 1970 Pone
1511 1888 1684 2000 angulos
1723 1889 1853 1974 rictus

152 2037 272 2146 „oris
304 2047 417 2124 sinus
446 2064 622 2134 coecus,
691 2061 717 2117 e
752 2029 1017 2148 duplicatum
1051 2034 1167 2120 eutis
1198 2059 1333 2144 onus,
1392 2035 1597 2124 auriculas
1626 2035 1850 2141 mentiens,

149 2188 349 2295 „ambitu
375 2188 619 2290 rotundato,
661 2184 851 2299 integro,
905 2215 1116 2303 supraque
1139 2184 1255 2272 hunc
1283 2220 1402 2276 aures
1429 2188 1476 2274 in
1505 2192 1634 2305 plano
1668 2188 1853 2276 denuda·

148 2367 274 2450 „tae,
298 2365 502 2457 tympano
527 2337 575 2423 in
603 2360 751 2424 centro
777 2337 1126 2454 depressiusculo.
1183 2339 1309 2424 Oculi
1336 2341 1665 2447 subverticales,
1714 2349 1853 2460 palpe-

149 2498 269 2603 „bru
306 2490 651 2578 membranaceis.
716 2492 848 2577 Nares
888 2491 1213 2594 subverticales,
1254 2489 1404 2576 medio
1439 2490 1554 2578 inter
1595 2517 1776 2580 rostrum
1808 2517 1853 2583 et

148 2647 349 2755 „oculos
390 2675 551 2763 porum·
583 2640 810 2729 minimum
847 2645 1091 2729 referentes.
1163 2646 1326 2758 Corpus
1366 2646 1674 2753 ventricosum,
1716 2646 1850 2761 magis

148 2799 374 2907 „minusve
402 2799 532 2885 modo
558 2796 712 2896 laeve,
746 2799 875 2884 modo
903 2827 1027 2913 supra
1056 2824 1335 2883 verrucosum
1392 2800 1565 2885 Palmae
1594 2800 1850 2914 tetradacty·

147 2954 277 3059 „lae,
314 2953 463 3052 fissae3
501 2956 672 3067 plantae
694 2949 1024 3067 pentadactylae
1047 2949 1279 3067 palmatae,
1322 2981 1422 3039 cum
1449 2949 1692 3038 rudimento
1722 2949 1845 3066 quasi

145 3103 291 3213 ,sexti
318 3101 459 3219 digiti.
518 3107 644 3192 Color
669 3105 901 3205 latescens,
943 3103 1061 3185 fusco
1079 3153 1097 3170 -
1111 3103 1452 3202 maculatus,ita
1481 3125 1679 3218 utsupra
1710 3106 1850 3193 fuscus

145 3256 424 3374 „praevaleat
449 3255 592 3359 color,
616 3254 782 3343 inferne
809 3257 961 3341 luteus.
1018 3256 1127 3339 Gula
1154 3277 1209 3339 et-
1225 3276 1372 3370 pectus
1400 3254 1687 3343 immaculata.
1742 3261 1848 3344 Lon·

147 3409 331 3523 ‚giendo
358 3405 498 3497 trunci
525 3438 624 3493 cum
653 3408 798 3525 capite
822 3410 881 3496 a'.
911 3410 980 3493 8⁰2
1008 3409 1165 3522 pedum
1192 3404 1455 3522 poeticorum
1483 3414 1543 3494 6⁰.
1613 3412 1663 3490 In
1690 3406 1848 3495 indivi-

146 3557 281 3671 „duis
306 3558 441 3675 magis
468 3558 704 3648 verrucosis
730 3560 1017 3645 rudimentum
1046 3560 1159 3644 sexti
1187 3557 1315 3673 digiti
1340 3558 1390 3644 in
1415 3556 1573 3677 plantis
1595 3558 1671 3647 vix
1696 3559 1850 3671 ullum,

147 3741 266 3822 „nee
293 3714 401 3800 adeo
427 3734 602 3831 apparet
627 3710 748 3798 sinus
772 3712 983 3799 buccalis:
1012 3745 1066 3797 an
1092 3741 1196 3798 sexu
1226 3710 1392 3798 diversa
1409 3723 1457 3800 W

486 3892 641 3984 „115⁶
720 3874 823 3965 Ra
844 3873 946 3964 NA
1024 3874 1507 3969 verrucosissimo.

292 4025 346 4106 R.
376 4016 572 4133 utrinque
599 4046 832 4122 verrucosa,
862 4044 1037 4132 corpore
1065 4015 1307 4102 ventricoso
1333 4016 1531 4133 utrinque
1558 4012 1844 4119 verrucosissi·

145 4200 247 4279 mo,
276 4168 461 4267 verrucis
488 4172 631 4256 subtus
656 4167 806 4274 luteis,
832 4166 990 4286 plantis
1018 4167 1388 4286 subtetradactylis
1414 4167 1626 4285 palmatis.
1674 4248 1677 4253 .

291 4329 411 4408 Hanc
451 4351 618 4438 quoque
659 4322 708 4410 in
731 4323 937 4425 ,caucaso
976 4322 1261 4430 observatam,
1326 4318 1612 4437 descriptione
1653 4321 1844 4435 prodidit

147 4479 240 4568 cet
268 4476 660 4563 Gr‘ildenstaerlt.

292 4632 466 4716 Descr.
522 4631 688 4742 „Caput
717 4630 982 4743 depressum,
1025 4649 1204 4714 rostrum
1231 4621 1569 4730 obtusissimam,
1599 4624 1845 4712 mandibula
1981 4652 1984 4657 ·

144 4802 358 4896 „utraque
388 4803 432 4868 et
457 4782 600 4900 palato
627 4768 852 4868 edentulis.
920 4785 1083 4898 Lingua
1112 4778 1234 4896 apice
1259 4775 1308 4865 in
1334 4779 1456 4864 fauce
1482 4780 1735 4882 fluctuante,
1782 4777 1844 4865 in·
