4404 5902
410 376 506 463 edo
1186 384 1340 441 ΞΕ
1724 394 1736 431 ’

413 594 521 682 ostia
548 588 793 691 duriorum,
838 579 1085 704 praesertim
1114 582 1157 669 fl.
1187 575 1484 687 Camtchatca,
1521 576 1760 687 Avatscha,
1790 602 1836 669 et
1862 586 2122 690 Paratunka,

415 746 545 832 tantis
575 741 752 830 catervis
782 739 1053 847 adscendens,
1086 759 1133 820 ut
1160 733 1292 820 saccis
1319 756 1364 818 et
1393 732 1627 837 haustellis,
1657 761 1743 819 non
1772 733 1897 821 aliter
1923 767 1976 823 ac
2004 771 2120 856 aqua

413 898 506 1014 ipsa
534 891 697 982 hauriri
725 892 872 1010 possit.
942 896 992 974 In
1019 888 1164 974 littore
1194 886 1308 973 sinus
1336 883 1634 972 Penshinensis
1669 885 1882 974 rarissime
1910 894 2119 984 occurrit.

414 1056 549 1136 Natat
576 1045 729 1135 erectis
757 1043 914 1131 aculeis
942 1042 1156 1143 omnibus,
1187 1039 1421 1127 subsultans
1449 1060 1494 1123 et
1520 1039 1609 1123 fere
1639 1067 1696 1123 ex
1723 1070 1830 1155 aqua
1857 1044 2122 1159 prosiliens,

413 1203 586 1287 aculeos
627 1199 836 1284 ventrales
876 1198 973 1282 loco
1014 1194 1238 1311 pinnarum
1282 1214 1440 1278 movet.
1507 1192 1630 1277 Licet
1655 1193 1709 1277 ad
1736 1196 1946 1305 jusculum
1975 1200 2123 1290 elixus

418 1355 646 1440 admodum
673 1352 841 1468 sapidus
869 1349 944 1453 sit,
981 1346 1211 1434 maximam
1239 1369 1382 1433 tamen
1409 1367 1573 1461 partem
1601 1343 1648 1429 in
1675 1346 1878 1459 pabulum
1906 1348 2122 1467 hyemale

417 1537 572 1591 canum
601 1504 855 1610 exsiccatur,
912 1501 1011 1618 quia
1040 1497 1303 1616 corruptioni
1330 1528 1416 1591 non
1445 1496 1654 1583 obnoxius
1681 1520 1765 1603 est,
1814 1501 2036 1621 facileque
2067 1512 2125 1596 ad

420 1661 553 1745 solem
580 1656 801 1759 exarescit,

560 1814 729 1896 Descr.
786 1811 977 1896 Pondere
1006 1810 1059 1894 ad
1088 1838 1296 1893 summum
1323 1803 1632 1912 bidrachmali,
1688 1805 1960 1924 longitudine
1987 1814 2126 1930 polli.

414 1992 514 2052 cum
543 1963 872 2080 sesquiquinque
901 1965 1029 2077 vulgo
1057 1966 1313 2049 observatur.
1355 1958 1492 2076 Caput
1519 1956 1895 2077 cathetoplateum,
1930 1990 2126 2075 acutumg

417 2124 597 2204 maxilla
624 2120 790 2226 inferior
816 2118 959 2201 subtus
986 2115 1193 2215 carinata,
1233 2115 1426 2231 longior,
1460 2135 1635 2229 utraque
1664 2112 1850 2230 margine
1879 2119 2126 2211 denticulis

419 2268 610 2355 minimis
635 2266 744 2352 serie
771 2268 818 2352 in
845 2267 1070 2384 superioris
1098 2267 1238 2383 apice,
1285 2270 1438 2384 angulo
1465 2266 1597 2383 palati
1625 2267 1862 2381 granulato,
1911 2268 1966 2356 iu
1996 2275 2126 2392 apice

417 2418 632 2507 inferioris
672 2418 781 2506 serie
822 2421 1033 2506 exteriore
1082 2420 1395 2507 denticulorum
1445 2422 1574 2538 paulo
1625 2425 1829 2532 majorum
1879 2425 2125 2542 duplicata.

422 2576 587 2688 Lingua
614 2573 781 2675 brevis,
810 2596 936 2660 teres.
993 2575 1126 2660 Nares
1153 2571 1383 2688 simplices,
1411 2571 1555 2658 medio
1583 2569 1696 2658 inter
1722 2573 1846 2659 rostri
1873 2576 2056 2692 apicem
2083 2606 2128 2669 et

420 2728 581 2829 oculos,
611 2728 820 2812 laterales.
860 2728 984 2813 Oculi
1011 2728 1223 2830 laterales,
1252 2727 1356 2812 iride
1384 2749 1601 2842 argentea,
1632 2723 1759 2810 litura
1786 2727 1831 2811 in
1860 2729 2128 2843 quibusdum

421 2883 665 2992 sanguinea.
720 2880 762 2963 V
758 2900 871 2966 arten
898 2903 943 2965 et
970 2902 1148 2966 rostrum
1178 2901 1276 2964 ante
1303 2880 1447 2964 oculos
1474 2880 1645 2994 punctis
1671 2877 1926 2994 prominulis
1956 2889 2128 2975 scaber·

395 3027 552 3149 rrima,
591 3031 892 3135 luscescentia3
947 3041 1125 3145 laminae
1153 3032 1445 3148 operculorum
1473 3030 1600 3117 sulcis
1628 3029 1798 3117 striatas
1805 3093 1820 3132 ,
1872 3061 2126 3151 argenteae.

398 3183 635 3299 'Opercula
676 3182 906 3271 arctissime
946 3183 1164 3286 clausilia3
1221 3185 1407 3271 Flabella
1441 3184 1697 3272 branchiaIia
1731 3168 2127 3303 quadrilamellutr,

421 3338 498 3421 sub
527 3335 737 3450 operculis
766 3337 1005 3442 semitecta,
1063 3341 1207 3422 subtus
1234 3359 1428 3424 connata.
1486 3344 1600 3422 Pone
1628 3334 1792 3423 hiatum
1818 3339 2126 3433 branchialem

421 3485 618 3602 utrinque
648 3520 745 3574 area
773 3511 966 3602 argentea
994 3487 1332 3590 suborbicularis,
1360 3488 1522 3592 mollis,
1549 3489 1711 3577 circulo
1739 3521 1858 3577 osseo
1877 3491 2127 3615 interrupto

421 3638 585 3742 cincta,
630 3639 700 3725 cui
739 3641 902 3756 postiae
943 3641 1233 3756 inplantantur
1271 3641 1426 3758 pinnae
1465 3644 1720 3758 pectorales,
1761 3675 1787 3727 a
1824 3645 1976 3763 capite
2021 3650 2126 3741 ideo

423 3789 749 3896 remotissimae,
780 3793 914 3913 magis
942 3825 1068 3907 quam
1096 3794 1142 3878 in
1169 3793 1485 3908 congeneribus.
1544 3798 1705 3912 Corpus
1732 3794 2125 3915 cathetoplateum,

421 3943 476 4027 ad
518 3945 695 4028 caudam
736 3947 860 4030 valde
902 3949 1196 4052 adtenuatum,
1256 3946 1450 4061 utrinque
1490 3947 1716 4034 loricatum
1755 3957 1925 4038 laminis
1964 3956 2125 4063 osseis,

422 4095 844 4211 striato-punctatis,
875 4097 1158 4203 scaberrimis,
1189 4098 1373 4201 adustis,
1401 4098 1571 4187 circiter
1599 4100 1795 4216 triginta,
1822 4134 2007 4219 quarum
2037 4110 2124 4227 pri·

421 4278 493 4333 ma
522 4249 574 4331 ad
600 4271 729 4364 caput
755 4281 877 4366 supra
906 4281 1043 4336 aream
1070 4249 1459 4367 postbranchialem
1487 4277 1729 4367 argenteam
1758 4256 1912 4371 angulo
1952 4291 2124 4363 mucro„-

422 4423 525 4487 nato
552 4424 778 4487 retrorsum
804 4405 1030 4517 producta,
1090 4406 1275 4490 secunda
1301 4405 1511 4521 tertiaque
1539 4408 1710 4510 breves,
1757 4406 1951 4523 reliquae
1981 4438 2122 4501 totam

421 4553 695 4640 latitudinem
722 4556 908 4672 corporis
936 4580 981 4642 et
1006 4561 1166 4644 caudae
1194 4583 1461 4674 occupantes.
1536 4564 1664 4647 Linea
1701 4568 1887 4649 lateralis
1930 4568 2124 4653 anterius

424 4710 550 4793 dorso
575 4704 794 4823 proxima,
837 4739 978 4795 versus
1017 4714 1192 4795 caudam
1235 4710 1396 4817 media,
1439 4713 1748 4828 prominentior
1778 4738 1824 4801 et
1852 4718 1908 4802 ad
1937 4725 2126 4809 caudam

420 4861 593 4948 tandem
607 4859 654 4946 in
678 4871 847 4951 enatam
866 4863 1231 4952 membranaceum
1253 4895 1482 4985 assurgens.
1520 4868 1640 4957 Anus
1665 4876 1804 4988 poue}
1817 4870 2126 4990 longitudinis·
